2550 4410
161 178 221 240 102
506 178 601 232 amru
618 178 659 231 rv.
679 182 720 246 ar,
731 181 772 233 or.
789 181 882 246 asoa

157 352 273 427 dicitur,
289 370 356 413 cum
372 353 461 413 multa
476 352 506 413 in
524 360 673 414 conventu
686 352 752 414 vitia
769 352 948 431 conlegisset
963 351 996 413 in
1014 370 1089 413 eum
1101 351 1232 433 Zopyrus

158 438 252 517 quise
265 446 398 499 naturam
412 439 555 517 cuiusque
568 457 603 499 ex
614 439 708 499 forma
721 437 890 518 perspicere
900 436 1120 518 profitebatur,
1133 437 1233 500 derisu

157 533 201 585 est
216 541 231 583 a
247 523 368 598 ceteris,
390 524 441 603 qui
457 524 504 584 illa
519 523 549 584 in
566 523 689 584 Socrate
709 523 777 584 vitia
794 542 854 584 non
876 530 1104 601 agnoscerent,
1128 522 1166 584 ab
1180 524 1231 603 ipso

156 619 254 670 autem
271 608 391 670 Socrate
408 609 590 682 sublevatus,
611 627 680 669 cum
695 608 742 669 illa
763 607 817 670 sibi
834 608 938 684 insita,
960 608 1016 669 sed
1038 609 1163 670 ratione
1181 627 1232 671 asc

103 705 131 757 81
155 694 266 755 deiecta
292 694 411 755 diceret.
456 694 536 772 Ergo
562 702 595 755 ut
621 703 741 773 optuma
764 694 889 773 quisque
911 693 1090 756 valetudiue
1112 695 1255 757 adlectant

153 788 253 859 potest
267 779 358 840 videri
373 788 479 841 natura
494 780 529 840 ad
550 778 676 858 aliquem
699 778 836 840 morbum
859 778 1038 859 proclivior,
1064 779 1112 841 sic
1128 780 1231 841 animus

154 864 228 926 alius
243 865 278 925 ad
293 865 347 926 alia
363 866 429 925 vitia
444 864 631 944 propensior.
662 864 719 935 Qui
734 872 832 925 autem
848 883 908 924 non
925 871 1051 940 natura,
1078 866 1135 927 sed
1157 864 1230 944 culpa

153 950 248 1011 vitiosi
270 969 334 1012 esse
351 950 506 1024 dicuntur,
530 968 632 1010 eorum
655 949 722 1010 vitia
744 956 882 1010 constant
903 948 1018 1011 efalsis
1041 950 1229 1029 opinionibus

154 1053 254 1095 rerum
269 1034 414 1096 bonarum
431 1044 460 1096 et
474 1036 632 1109 malarum,
654 1045 687 1095 ut
699 1035 736 1096 sit
751 1035 825 1096 alius
845 1035 880 1094 ad
903 1034 977 1095 alios
1000 1044 1110 1097 motus
1125 1044 1229 1116 pertur-

153 1119 347 1198 bationesque
372 1120 541 1199 proclivior.
584 1119 760 1181 inveteratio
787 1128 900 1193 autem,
928 1119 1019 1180 utin
1046 1120 1262 1201 corporibuatt

153 1205 270 1283 aegrius
288 1205 446 1284 depellitur
467 1224 554 1285 quam
575 1204 776 1284 perturbatio,
799 1205 945 1284 citiusque
965 1206 1156 1285 repentinus
1169 1225 1227 1268 ocu·

153 1290 250 1351 lorum
266 1299 364 1351 tumor
379 1299 508 1364 sanatur,
526 1309 613 1369 quam
629 1290 769 1351 diuturna
783 1290 928 1370 lippitudo
943 1290 1125 1369 depellitur.

102 1357 140 1413 3⁸
238 1374 296 1437 Sed
312 1376 429 1454 cognita
444 1376 501 1436 iam
518 1395 605 1438 causa
620 1376 893 1455 perturbationum,
914 1393 990 1454 quae
1007 1394 1121 1438 omnes
1137 1378 1227 1439 oriun-

101 1439 131 1490 ⁸²
152 1468 202 1521 tur
217 1478 252 1521 eu
273 1460 388 1523 iudiciis
413 1462 588 1541 opinionum
612 1470 642 1522 et
662 1460 877 1535 voluntatibus,
899 1461 936 1522 sit
951 1460 1011 1521 iam
1025 1461 1124 1524 buius
1137 1462 1227 1543 dispu-

189 1581 211 1630 1.
229 1578 386 1644 conlegisset
402 1582 432 1630 iu
450 1595 516 1643 eum,
540 1580 665 1647 pregnant
717 1578 775 1644 lage
798 1593 830 1630 zu
852 1578 922 1630 einer
942 1592 1010 1644 ganz
1027 1580 1177 1646 unnotigen
1198 1579 1227 1643 (in

151 1645 205 1697 fair:
230 1649 260 1697 in
278 1647 388 1699 Socrate
410 1649 528 1698 conlecta
552 1651 582 1698 iu
608 1651 665 1699 eiua
715 1646 801 1698 seiner
821 1645 911 1706 Quelle
937 1645 1075 1699 vielleicut
1099 1647 1228 1715 vergelen-

153 1717 326 1780 opprotre'um
344 1716 509 1782 euplieaacct.
716 1713 815 1779 denen)
843 1713 1073 1781 Untcrscbeidung
1104 1715 1227 1768 zwisalten

185 1783 318 1850 Zopyrus.
346 1784 433 1836 Cicero
452 1783 483 1836 de
503 1784 557 1836 lato
576 1786 600 1847 5,
618 1787 662 1836 10:
716 1782 943 1835 unverechuldeter
965 1781 1019 1834 und
1038 1782 1227 1839 verscbuldeter

151 1852 288 1903 Socratem
306 1869 393 1904 noune
406 1853 517 1917 legimus
535 1868 611 1919 quem
629 1853 665 1903 ad
715 1849 955 1916 l'elrlerhaftiglreit‚
986 1850 1078 1903 wobei
1108 1868 1138 1905 er
1167 1852 1228 1905 noel

150 1920 258 1971 modum
280 1924 387 1971 notarit
407 1921 533 1987 Zopyrus
552 1922 664 1987 pbpaio-
715 1919 868 1985 denjenigen
883 1918 996 1971 Zustand
1013 1919 1057 1972 als
1073 1920 1227 1987 proclivitas

147 1991 354 2106 {bilibit
368 1988 663 2120 tttttllt‘tttt·
713 1986 1226 2109 lttttttttltt.¹¹ttlt⁰ittt

149 2140 229 2189 pore,
256 2125 355 2188 oculta,
377 2123 466 2185 voltu,
489 2122 581 2184 fronte
599 2141 663 2190 per·-
714 2124 749 2174 ist
761 2123 805 2175 der
817 2124 870 2175 ihm
886 2123 1224 2189 ursprduglichrorscbwe·

149 2195 274 2242 uocem?
296 2192 440 2256 Stupidum
458 2209 512 2242 erae
530 2193 660 2244 Socraten
713 2190 1018 2257 bendeHauptgedanlre‚
1031 2191 1088 2245 dats
1097 2192 1223 2258 jeneuet-

150 2260 224 2310 dtett
235 2264 260 2308 et
272 2260 384 2310 tardum
396 2289 438 2322 —‚
451 2260 558 2311 addidit
575 2263 662 2325 ctam,
713 2260 752 2312 ler
762 2259 878 2312 dennoch
888 2259 987 2312 heilbar
996 2260 1078 2327 seien,
1088 2262 1165 2314 nicht
1173 2277 1223 2315 anu

149 2327 339 2408 mulierosum..
365 2327 588 2409 DieserUZopyrus
612 2329 662 2380 soll
712 2327 846 2380 Ausdruclr
866 2328 994 2407 gelangtv

149 2396 658 2536 tartidateturritula?
709 2393 1222 2532 ..lt.ttttttt⁰tetr'tet²t

151 2549 236 2585 wesen
255 2535 322 2595 seiu;
341 2549 368 2586 er
382 2535 417 2586 ist
429 2534 474 2586 der
486 2535 577 2587 alteste
589 2533 659 2600 Phy-
704 2535 735 2593 b,
750 2536 793 2586 11:
805 2533 978 2584 mediocritas
990 2532 1159 2595 officiorum.
1182 2533 1221 2586 ute

149 2602 332 2667 siognomilrer‚
349 2618 400 2654 von
418 2602 475 2654 dem
495 2604 543 2654 wir
556 2602 659 2653 wissen.
709 2599 784 2652 Form
798 2600 843 2653 des
854 2600 1003 2653 Ausdruclrs
1023 2601 1059 2653 ist
1070 2602 1130 2655 bier
1148 2602 1220 2655 durcl

148 2669 277 2733 [Nacbber
298 2671 399 2722 sebrieb
420 2671 574 2723 Aristoteles
597 2671 660 2722 saber
710 2669 759 2720 den
785 2668 928 2734 Gegensatz
952 2671 1126 2736 perturbatio
1151 2666 1220 2736 (eine

149 2737 238 2789 diesen
256 2736 436 2802 Gegeustand.)
710 2736 937 2800 vorabergehende
969 2730 1109 2803 Stbrung')
1136 2754 1220 2791 veran-

183 2806 207 2855 2.
226 2805 328 2855 derisus
340 2811 379 2855 eat
392 2811 449 2870 cet,
462 2805 658 2857 analrolutirisch
711 2805 780 2856 laist.
815 2804 877 2856 Zum
895 2805 978 2857 lnbalt
995 2806 1047 2871 vgl.
1068 2808 1111 2869 10,
1125 2809 1165 2859 24.

149 2873 202 2923 isar:
221 2872 339 2922 derisum
353 2877 659 2939 coeteris-ipseoub-
746 2874 786 2925 12.
813 2873 946 2939 lippitudo
971 2874 1007 2925 ist
1023 2864 1219 2940 ‘Augenleiden’

149 2942 253 2991 baasae.
710 2940 865 3008 uberhaupt3
884 2941 926 2993 bei
939 2941 988 2994 den
1000 2940 1115 2994 Romern
1127 2942 1220 3008 iniolge

183 3011 207 3062 4.
225 3010 317 3069 insita,
332 3007 519 3074 eutsprechend
531 3007 589 3060 dem
601 3024 660 3060 vor·
710 3009 755 3061 des
774 3008 869 3061 illimes
892 3010 950 3061 sehr
968 3010 1144 3076 gewcbnlich.
1178 3010 1220 3062 Bei

149 3077 329 3143 hergehenden
346 3082 447 3128 natura
466 3078 660 3127 dicuuturiaa-
710 3076 884 3129 Kranlrheiteu
913 3078 947 3129 ist
974 3079 1124 3129 diuturnus
1148 3093 1220 3131 unser

149 3146 231 3197 mandi
249 3150 298 3196 cet.
706 3136 872 3209 ‘chronisch'‚
889 3149 1046 3211 repentinus
1061 3136 1150 3201 ‘acut'.

183 3218 206 3266 5.
224 3215 299 3278 Ergo
317 3217 350 3263 ut
367 3217 415 3264 cet.
445 3211 528 3263 burch
547 3211 588 3264 die
600 3229 659 3264 vor·
745 3213 895 3279 depellitur.
903 3213 1219 3281 utewiederholungles·

147 3280 657 3334 hertbersdnateserzthlteuneudote
709 3281 799 3333 selben
816 3280 942 3334 Verbums
969 3282 1065 3334 erkla‘rrt
1093 3283 1149 3335 sich
1177 3298 1220 3335 aus

147 3350 213 3401 wird
226 3350 276 3402 Cic.
289 3350 368 3401 daran
386 3349 504 3413 erinnem,
522 3349 579 3401 dats
592 3350 657 3401 auch
708 3349 766 3401 dem
780 3348 888 3401 Streben
906 3350 1007 3402 Ciceros
1026 3351 1093 3403 nach
1113 3350 1222 3419 symme-

148 3418 189 3470 die
202 3419 291 3470 besten
304 3418 417 3469 Naturen
435 3417 503 3469 ibrer
520 3422 658 3483 ursprdng-
708 3418 815 3469 triscber
846 3418 1016 3484 Abrundung‚
1046 3420 1130 3471 sowie
1158 3420 1221 3472 nacb

147 3487 233 3538 lichen
256 3487 355 3551 bnlage
382 3486 446 3537 nach
475 3501 527 3537 von
549 3486 656 3537 Feblern
708 3485 894 3552 vollstiindiger
912 3488 1083 3553 Ausprtgung
1106 3486 1153 3540 des
1176 3487 1222 3540 Ge

148 3555 219 3611 nicht
236 3554 284 3606 frei
301 3553 371 3615 sind,
397 3553 453 3605 dats
471 3554 540 3606 diese
561 3554 657 3619 jedocb
709 3553 824 3606 dankens
837 3555 862 3605 iu
876 3553 1100 3621 Vergleicbungen
1112 3555 1222 3609 andile-

147 3623 238 3674 immer
249 3621 423 3674 aiberwunden
434 3621 536 3674 werden
545 3623 657 3688 konnen,
709 3624 855 3688 gens'atzen.
867 3622 926 3688 Vgl.
936 3639 967 3674 au
978 3622 1007 3675 V.
1018 3624 1099 3687 6,16;
1113 3628 1220 3676 terrem.

148 3691 210 3742 aber
221 3690 320 3742 sreilicb
333 3689 530 3754 eingewurzelte
542 3692 588 3742 mit
600 3694 657 3756 grd-
745 3693 784 3742 14.
802 3707 837 3741 erc
848 3691 957 3742 tudiciis
970 3693 1129 3757 opinionum
1140 3696 1169 3743 et
1179 3709 1221 3744 oa·

56 3812 63 3823 ,
151 3762 228 3811 lserer
246 3757 443 3823 Scbwieriglreit
466 3759 503 3810 als
522 3760 586 3812 eben
605 3762 657 3810 erst
710 3753 1054 3824 tenuraaau‘austtneuen‚
1066 3760 1169 3813 welche
1180 3760 1224 3813 aui

149 3826 325 3879 entstendene.
352 3825 474 3891 Zugleich
483 3828 601 3879 verleitet
612 3826 656 3877 ilrn
708 3826 896 3892 Einbildungen
906 3828 1027 3890 bernhen,
1041 3828 1094 3879 und
1106 3844 1153 3881 aus
1165 3829 1222 3882 dem

147 3894 210 3947 aber
227 3894 268 3946 die
285 3893 449 3961 Erwibnung
470 3895 514 3947 der
531 3896 658 3948 Naturan-
709 3893 803 3946 Willen
817 3895 893 3958 jedes
911 3886 1061 3949 einzelnen'.
