2550 4410
416 189 511 242 unua
529 189 559 242 r.
579 192 757 255 ar,1oo.1o·r.
1071 189 1132 248 157

51 366 97 424 sit.
136 361 182 422 An
198 361 256 422 hoc
268 382 329 424 non
347 362 385 423 ita
401 363 433 423 iit
448 362 528 423 omni
545 361 575 422 in
592 359 726 441 populo?
753 382 856 423 noune
871 381 991 424 omnem
1008 382 1133 444 exsupe-

53 447 179 508 rantiam
198 447 315 509 virtutis
328 445 475 509 oderunt?
492 444 592 519 Quid?
608 447 749 509 Aristides
764 484 806 493 —
820 448 897 508 malo
914 448 993 508 enirn
1006 448 1135 510 Graeco-

54 551 122 593 rum
138 550 224 610 quam
239 544 339 594 nostra
351 533 487 612 prolerre
501 568 544 578 -
560 552 662 593 nonne
675 531 713 592 ob
726 551 789 593 eam
803 552 920 595 causam
936 533 1075 612 expulsus
1091 543 1135 596 θεῖ

56 618 161 698 patria,
177 619 256 696 quod
272 626 390 698 praeter
402 618 522 679 modum
534 618 629 679 iustus
641 616 741 678 esset?
756 618 882 689 Quantis
894 618 984 698 igitur
994 619 1135 681 molestiis

24 712 37 761 5
55 712 161 764 vacant
176 704 228 782 qui
244 703 317 763 nihil
333 704 455 764 omnino
471 722 539 764 cum
553 704 665 782 populo
681 704 877 765 contrahuntl
908 703 979 782 quid
995 711 1039 764 θεῖ
1054 704 1133 765 enim

55 789 171 849 dulcius
186 789 246 849 otio
261 786 410 850 litterato?
441 789 476 850 iis
491 789 557 849 dico
573 788 696 861 litteris,
719 790 827 867 quibus
842 789 1018 850 infinitatem
1033 807 1133 850 rerum

55 883 142 952 atque
159 882 282 934 naturae
298 883 327 934 et
342 875 372 934 in
394 874 452 934 hoc
473 874 536 954 ipso
553 873 664 935 mundo
689 874 819 949 caelum,
842 884 953 947 terras,
976 875 1067 934 maria
1082 893 1133 936 co·

56 959 236 1039 gnoscimus.

141 1043 318 1123 Contempto
340 1043 431 1121 igitur
452 1043 584 1117 honore,
612 1051 782 1123 contempta
805 1044 891 1104 etiam
914 1046 1041 1124 pecunia
1063 1046 1135 1124 quid

19 1135 39 1187 to
56 1129 236 1208 relinquitur
250 1130 329 1208 quod
351 1128 603 1190 extimescendum
618 1127 679 1189 sit?
708 1128 868 1203 Exsilium,
892 1130 991 1206 credo,
1007 1133 1086 1209 quod
1102 1131 1133 1191 in

56 1214 190 1275 maximis
212 1215 295 1275 malis
319 1213 445 1274 ducitur.
483 1212 514 1274 ld
535 1214 560 1274 si
580 1223 703 1293 propter
723 1214 849 1275 alienam
873 1226 901 1276 θῖ
922 1217 1063 1277 offensam
1080 1235 1134 1297 po-

57 1299 118 1379 puli
134 1300 314 1360 voluntatem
327 1299 436 1359 malum
447 1308 501 1371 θεῖ,
518 1316 606 1377 quam
622 1299 659 1359 sit
670 1316 703 1358 ea
720 1301 946 1375 contemnenda,
962 1302 1050 1380 paulo
1066 1310 1134 1362 ante

58 1384 240 1446 dictumest.
279 1385 331 1445 Sin
354 1383 456 1445 abesse
471 1385 564 1464 patria
585 1383 727 1445 miserum
749 1393 807 1457 θεῖ,
830 1385 936 1464 plenae
957 1388 1134 1448 miserorum

57 1470 225 1550 provinciae
241 1478 327 1543 sunt,
350 1489 386 1530 ex
401 1469 508 1548 quibus
523 1470 679 1529 admodum
695 1470 782 1548 pauci
795 1470 826 1530 in
842 1472 964 1550 patriam
979 1481 1134 1534 revertun-

20 1560 41 1611 lt
57 1565 115 1616 tur.
152 1548 381 1616 ‘Atmultentur
396 1553 484 1616 bouis
499 1550 638 1616 exsules'
679 1554 756 1625 Quid
771 1553 856 1615 tum?
885 1551 1031 1635 parumne
1046 1558 1138 1618 multa
1153 1569 1196 1620 lor

58 1641 94 1700 de
109 1639 263 1701 toleranda
278 1649 452 1720 paupertate
467 1637 629 1701 dicuntur?
659 1639 719 1700 lam
734 1658 804 1701 vero
821 1641 971 1717 exsilium,
994 1643 1018 1703 si
1033 1660 1133 1702 rerum

59 1733 204 1799 naturam,
218 1745 278 1787 non
291 1726 482 1803 ignominiam
496 1725 627 1786 nominis
639 1725 819 1803 quaerimus,
831 1736 975 1804 quantum
986 1728 1106 1787 tandem
1119 1746 1134 1787 a

20 1826 23 1830 ·
57 1820 202 1890 perpetua
217 1811 458 1891 peregrinatione
482 1807 602 1871 diflert?
632 1811 663 1870 iu
679 1829 737 1890 qua
752 1818 861 1872 aetates
883 1830 950 1873 suas
964 1812 1134 1892 philosophi

58 1895 233 1957 nobilissimi
255 1904 522 1975 consumpserunt,
544 1894 727 1956 Xenocrates
750 1894 892 1970 Crantor,
914 1897 1058 1958 Arcesilas
1079 1897 1136 1957 La-

10 1982 36 2035 lo
58 1981 163 2061 cydes,
187 1980 360 2042 Aristoteles
392 1981 623 2061 Theophrastus,
654 1980 734 2041 Zeno
758 1979 933 2056 Cleanthes,
953 1982 1135 2063 Chrysippus

1159 1008 1194 1065 37

1152 1090 1194 1141 196

96 2101 117 2151 1.
136 2101 365 2164 eesuperantiam,
391 2089 438 2150 ἅπ.
458 2095 510 2168 lay.
529 2097 571 2149 bei
625 2096 686 2163 griff
701 2114 752 2149 von
771 2114 863 2149 carere
879 2115 911 2152 zu
929 2099 1038 2152 Gruude.

60 2167 147 2218 Cicero
167 2165 217 2217 und
240 2168 385 2233 uberhaupt
402 2181 449 2217 vor
466 2165 572 2218 Gellius.
655 2168 693 2218 14.
704 2170 797 2231 pauci,
807 2167 1019 2221 udanlrdmische
1029 2167 1134 2235 Burger,

94 2236 116 2286 2.
137 2234 279 2285 Aristides.
298 2234 355 2300 Vgl.
369 2233 433 2300 Nep.
450 2233 528 2285 Arist.
549 2239 572 2286 1.
624 2233 665 2286 die
696 2235 722 2285 iu
753 2235 802 2287 den
829 2235 971 2289 Provinzen
998 2236 1135 2289 Geschalte

97 2303 261 2354 Graecorum
272 2331 307 2339 —
317 2305 419 2364 nostra,
438 2317 472 2357 sc.
486 2318 574 2353 creem-
624 2302 731 2354 trieben.

59 2371 116 2437 pla.
661 2373 700 2422 15.
722 2371 794 2434 Quid
811 2374 884 2420 tum?
904 2363 978 2425 ‘Was
997 2372 1064 2439 folgt
1080 2373 1136 2425 dor-

69 2442 115 2504 „5.
127 2430 573 2503 eumpopnlocontrahunt‘(dnrch
625 2432 697 2489 eusl’
734 2437 792 2504 Vgl.
813 2441 852 2503 11,
871 2440 912 2492 26.

64 2506 161 2570 Amter)
184 2506 209 2555 in
229 2504 413 2571 geschailtliche
430 2505 572 2558 Beziehun·
656 2522 755 2572 pamm
764 2507 857 2572 multa,
870 2508 940 2558 nicht
954 2510 1036 2558 nimis
1045 2524 1136 2574 pauca

63 2590 113 2641 gen
131 2589 189 2625 zum
208 2573 291 2624 Volke
308 2566 411 2625 treteu'.
625 2589 681 2626 was
703 2574 744 2625 eiu
763 2574 951 2626 Germanismus
970 2577 1052 2637 wire,
1070 2578 1136 2631 sol.

97 2645 122 2696 6.
140 2643 247 2692 1θέάίθο
265 2642 372 2706 litteris,
388 2642 423 2692 im
435 2641 574 2693 Auschluls
626 2645 743 2706 45,109:
758 2659 859 2708 porum
876 2643 933 2694 dire.

64 2725 96 2763 an
116 2710 227 2776 quid-
245 2710 350 2760 dulcius
368 2715 422 2760 otio
441 2711 577 2760 litterato?
664 2711 704 2764 16.
722 2711 859 2774 elimentur,
877 2726 913 2763 sc.
932 2728 948 2762 a
964 2711 1139 2778 philosophis.

65 2778 117 2830 und
136 2778 202 2830 ohne
214 2777 323 2829 Eiufluls
332 2793 385 2828 von
397 2779 457 2829 dieo
470 2777 515 2829 aul
526 2777 576 2828 den
662 2793 753 2829 rernm
770 2784 906 2844 naturam,
918 2779 972 2846 vgl.
987 2779 1028 2832 lV.
1041 2783 1083 2843 34,
1096 2784 1137 2834 72.

66 2847 157 2906 Cesum
186 2861 232 2897 our
255 2846 299 2897 der
317 2844 391 2898 Nom.
414 2845 479 2896 wird
501 2845 576 2897 dabei
664 2842 1137 2910 1⁵1.quoerimcs‘auletwasseheu'.

64 2915 90 2965 in
109 2913 159 2965 den
177 2915 237 2967 Acc.
252 2914 420 2966 verwaudelt.
662 2917 702 2968 19.
719 2913 882 2966 Xenocrates
899 2931 953 2968 war
971 2932 1016 2969 aus
1035 2918 1138 2970 Chalce-

100 2985 141 3035 10.
161 2982 249 3047 eredo,
265 2982 386 3047 ironisch,
404 2983 454 3034 wie
463 2984 505 3048 35,
517 2983 574 3034 102.
627 2982 686 3045 dou,
698 2982 716 3035 l.
729 2986 859 3047 s.10,20;
872 2985 1010 3037 Crantor
1019 3001 1064 3037 aus
1075 2986 1138 3051 Soli,

102 3054 140 3103 11.
154 3051 271 3100 elimam
283 3052 447 3114 etoffensam
456 3066 519 3116 pop.
531 3065 576 3100 oo·
626 3065 647 3103 s.
666 3049 683 3102 1.
702 3053 743 3115 48,
764 3056 821 3106 115.

66 3119 197 3169 luntatem
219 3141 252 3160 =
267 3119 427 3184 popularem
451 3118 576 3181 offensio·
660 3119 797 3170 Arcesilas
807 3121 879 3186 (oder
889 3121 1063 3186 Arcesilaus),
1076 3121 1139 3172 wel-

64 3187 195 3251 nemldd,
214 3187 282 3251 193).
629 3187 689 3239 cher
713 3188 791 3241 durch
815 3189 855 3240 die
873 3188 1056 3255 Behauptung,
1082 3188 1139 3241 dass

102 3256 142 3306 12.
153 3269 233 3320 quam
245 3257 288 3320 sit,
301 3270 321 3308 s.
333 3271 355 3305 z.
366 3255 393 3306 ll.
406 3257 430 3319 4,
442 3258 486 3306 10:
497 3270 576 3320 quem
628 3255 670 3306 die
683 3256 854 3308 menschliche
867 3255 1031 3307 Erkenntnils
1040 3271 1088 3307 um
1099 3257 1140 3308 bis

65 3325 124 3373 mm.
160 3323 197 3373 Zu
220 3322 346 3388 erginzeu
369 3323 404 3373 ist
421 3323 525 3373 rorher:
549 3337 578 3373 so
630 3339 676 3374 zur
692 3322 968 3375 Wahrsclreiolichlreit
986 3323 1140 3392 vordringeu

66 3389 188 3442 hemerlre
210 3390 265 3457 ich3
291 3391 344 3457 vgl.
366 3407 399 3441 zu
421 3389 459 3442 111.
484 3395 508 3454 l,
534 3393 578 3442 14:
630 3390 725 3455 lotione,
738 3389 778 3441 die
789 3394 812 3443 2.
826 3391 866 3443 od.
880 3390 1140 3444 mittlerehkademie

68 3475 250 3580 qupppaaeppm
267 3525 313 3576 mit
331 3526 388 3577 dem
406 3526 508 3579 blossen
520 3526 578 3578 hol.
630 3458 760 3578 ἰξιίῖῒιῑῖιὲείἳι
769 3458 1085 3594 ldeegtrllilsngglffipsffl
1094 3476 1141 3581 prpe

67 3598 101 3646 ist
113 3596 155 3646 hei
165 3594 217 3646 Cic.
227 3593 317 3659 selten,
330 3593 411 3647 findet
421 3595 475 3646 sich
481 3593 577 3659 J'edoch
630 3595 790 3646 mittelhcrer
801 3593 956 3662 Nachlolger
974 3611 1027 3647 urar
1040 3595 1140 3664 Lacy-

68 3679 97 3714 so
110 3661 343 3727 (wahrscheinlich)
353 3662 417 3714 auch
426 3664 452 3714 in
463 3663 507 3714 der
516 3661 579 3714 ller-
631 3663 685 3713 des
705 3677 751 3715 aus
769 3662 876 3730 Cyrene.

67 3731 183 3797 hindung
200 3730 246 3780 mit
263 3733 328 3780 urbs
339 3730 371 3781 ad
384 3730 443 3781 lam.
453 3730 484 3782 V.
499 3733 576 3796 15,4;
664 3732 704 3783 20.
722 3732 879 3782 Aristoteles
895 3747 942 3783 aus
960 3729 1068 3797 Stagira,
1085 3748 1107 3784 s.
1124 3731 1143 3785 1.

68 3802 112 3849 lre'e
130 3803 160 3849 tu
178 3816 208 3850 ea
226 3813 267 3848 me
281 3800 370 3849 abesse
381 3800 577 3852 urbemiraris.
629 3801 655 3863 4,
668 3803 698 3858 ῖς
716 3797 966 3867 Theophrastus
984 3813 1029 3850 aus
1046 3799 1140 3853 Eresos

68 3868 102 3919 Es
121 3868 185 3934 liegt
202 3882 233 3918 en
251 3866 340 3919 diesen
352 3866 450 3918 Stellen
467 3868 512 3919 der
529 3866 577 3919 Be·
629 3867 675 3918 aul
689 3867 794 3933 Lesbos,
812 3882 833 3922 ε.
853 3868 870 3920 l.
890 3871 930 3936 19,
950 3870 992 3920 45.
