2550 4410
162 174 222 233 110
531 174 626 227 LIBER
645 174 674 227 V.
691 177 767 241 411.
786 179 809 241 ⁵,
822 177 859 229 12.

160 348 285 410 dicendi.
323 348 381 410 Sed
402 347 438 409 ab
462 348 580 427 antiqua
606 348 792 429 philosophia
814 324 971 427 usquo⁸'ad
994 348 1178 423 Socratem,
1194 350 1233 428 qui

159 434 351 507 Archelaum,
368 435 557 513 Anaxagorae
573 432 765 514 discipulum,
781 434 926 507 audierat,
944 434 1075 495 numeri
1090 443 1233 515 motusque

158 518 370 594 tractabantur,
386 530 416 581 et
430 520 510 580 unde
524 520 624 579 omnia
641 528 799 580 orerentur
816 537 913 597 quove
927 519 1122 593 reciderent,
1136 520 1232 611 studip

158 623 249 684 seque
267 604 303 665 ab
325 604 361 666 iis
372 605 500 665 siderum
522 604 756 684 magnitudines,
777 604 945 677 intervalla,
968 622 1086 667 cursus
1107 597 1231 689 anb'tiiie

158 689 267 751 bantur
283 699 312 750 et
327 699 433 751 cuncta
449 690 594 751 caelestia.
624 690 761 751 Socrates
775 700 873 750 autem
887 689 1006 770 primus
1022 690 1254 772 philosophiant

158 775 309 837 devocavit
330 794 346 836 e
368 776 449 836 caelo
471 785 500 836 et
520 775 551 836 in
579 774 703 836 urbibus
724 774 889 836 conlocavit
909 783 942 835 et
962 774 994 836 in
1019 776 1136 839 domus
1159 777 1232 838 etiam
1265 800 1267 857 5

159 861 324 922 introduxit
338 870 367 921 et
382 859 479 940 coegit
493 862 529 921 de
544 859 601 921 vita
623 869 652 921 et
672 860 805 922 moribus
828 859 981 939 rebusque
1000 859 1100 925 bonis
1114 872 1146 923 et
1163 862 1232 925 matt

107 959 120 1010 1
181 964 312 1006 uaerere.
343 944 431 1006 Cuius
448 946 599 1025 multiplex
613 945 687 1006 ratio
703 945 871 1025 disputandi
890 963 1062 1025 rerumque
1077 948 1232 1010 varietaset

160 1031 272 1110 ingenii
288 1030 468 1109 magnitudo,
484 1031 615 1092 Platonis
629 1032 771 1091 memoria
786 1040 816 1091 et
830 1030 934 1091 litteris
950 1041 1147 1105 consecrata,
1160 1033 1231 1113 ptura

157 1134 266 1195 genera
289 1116 386 1176 effecit
411 1115 645 1177 dissentientium
672 1115 934 1196 pbilosophorum,
963 1118 1121 1195 equibus
1146 1118 1257 1181 uosidt

157 1201 340 1281 potissimum
358 1202 509 1262 consecuti
525 1220 644 1274 sumus,
660 1219 720 1279 quo
738 1202 888 1262 Socratem
903 1218 992 1262 usum
1009 1202 1228 1277 arbitrabamur,

158 1296 191 1345 ut
205 1294 335 1346 nostram
354 1286 408 1365 ipsi
424 1287 600 1348 seutentiam
616 1295 800 1365 tegeremus,
821 1304 922 1347 errore
937 1286 1013 1349 alios
1030 1288 1231 1353 levaremusri

158 1370 188 1431 in
213 1371 294 1432 omni
315 1371 512 1451 disputatione
534 1372 605 1450 quid
626 1380 704 1433 esset
724 1371 904 1433 simillimum
928 1371 990 1433 veri
1014 1391 1229 1452 quaereremus

157 1455 251 1526 Quem
268 1474 381 1517 morem
397 1475 465 1516 cum
480 1456 645 1518 Carneades
659 1456 827 1519 acutissime
842 1456 1116 1538 copiosissimeque
1131 1461 1231 1523 tenuis·

156 1550 216 1615 set,
238 1542 362 1603 fecimus
383 1551 412 1602 et
433 1543 503 1603 alias
525 1560 613 1620 saepe
635 1549 664 1603 et
687 1561 782 1622 nuper
802 1542 832 1603 in
849 1541 1038 1617 Tusculano,
1062 1554 1101 1606 ut
1121 1547 1159 1607 ad
1179 1550 1263 1607 eautt

156 1627 402 1688 consuetudinem
423 1627 648 1707 disputaremus.
684 1627 723 1688 Et
743 1626 897 1706 quadridui
918 1625 1042 1705 quidem
1064 1648 1230 1693 sermonem

155 1713 359 1792 superioribus
373 1714 408 1773 ad
424 1723 452 1773 te
470 1713 668 1794 perscriptum
683 1712 766 1774 libris
780 1712 928 1784 misimus,
944 1711 1054 1791 quinto
1071 1717 1230 1789 autemdie,

155 1815 222 1858 cum
239 1799 343 1858 eodem
363 1798 394 1859 in
416 1798 481 1860 ioco
503 1798 754 1872 consedissemus,
775 1798 818 1859 sic
841 1807 886 1859 est
906 1799 1102 1878 propositum
1124 1802 1231 1882 dequo

154 1883 379 1964 disputaremus

115 1936 135 1990 ⁵
239 1970 271 2029 A.
315 1969 393 2028 Non
419 1966 511 2027 mihi
537 1967 689 2029 videtur
713 1968 755 2028 ad
775 1967 887 2028 beate
913 1966 1122 2032 vivendum
1148 1969 1264 2032 satistt

103 2016 132 2068 12

153 2152 276 2204 letzteren
297 2152 340 2212 (=
358 2150 509 2217 disciplina)
524 2154 664 2217 privatim.
749 2144 1090 2207 consecrata‘unsterblicb
1107 2154 1226 2275 pamachi,

152 2220 215 2272 Also
228 2220 268 2271 ein
281 2219 422 2284 Giriasmus,
439 2220 489 2271 wis
508 2220 574 2272 oben
595 2223 617 2285 1,
634 2223 664 2273 4:
713 2213 860 2287 verswigt’.
895 2219 930 2273 So
951 2219 983 2271 ad
1003 2219 1034 2281 Q.
1052 2222 1088 2276 ir.

152 2290 284 2339 uenientia
307 2293 378 2338 maia
394 2316 429 2325 —
444 2303 565 2340 maerore
584 2304 663 2354 prac—
714 2304 774 2340 cum
790 2289 963 2355 amplissimis
973 2296 1162 2343 monumentis
1172 2308 1225 2344 coa·

151 2360 246 2473 seotpa.
281 2356 344 2408 Zum
361 2356 444 2408 lnhait
462 2357 513 2424 vgl.
532 2357 550 2409 1.
569 2360 609 2422 16,
628 2359 660 2410 38
711 2372 819 2409 sacrare
829 2357 955 2409 anicium
968 2361 1132 2411 somoriam
1149 2362 1225 2412 naari-

169 2466 175 2480 .
228 2465 235 2478 .
349 2463 356 2477 .
391 2465 397 2479 .
712 2428 755 2476 nis
775 2428 824 2477 iai.

150 2442 166 2477 u
184 2425 433 2547 2¹.Ar10'ba21absbon
444 2491 526 2559 Milet,
542 2493 589 2545 mit
602 2494 660 2546 dem
743 2493 825 2578 plara
840 2508 942 2559 genera
955 2521 991 2530 -
1003 2494 1224 2561 pbilosophorum

149 2561 287 2615 Boinamen
304 2564 441 2628 Pbpsicas.
713 2562 844 2632 (aspicias,
863 2561 982 2624 Sciriam:
1000 2560 1043 2614 dic
1062 2562 1082 2614 G
1116 2562 1222 2627 enaikar,

183 2634 290 2681 cameri
306 2635 452 2695 motasque,
470 2628 634 2695 s.t.1u,2o.
711 2628 863 2696 Megariker,
883 2628 1006 2697 Gynilrer,
1026 2628 1086 2683 Stoi
1106 2646 1142 2697 cr,
1160 2631 1222 2683 Aba·

184 2702 206 2751 5.
225 2704 252 2749 et
268 2713 314 2749 vor
328 2703 425 2748 cancta
443 2697 580 2749 caelestia:
593 2693 660 2750 ‘uod
712 2696 833 2763 demilrer,
851 2696 1037 2764 Peripatetiker
1056 2706 1107 2751 cet.

148 2756 313 2831 uberhaupt'3
331 2781 351 2816 s.
364 2765 406 2816 tv.
419 2769 442 2831 5,
456 2769 472 2819 9
484 2781 516 2817 zu
535 2767 660 2834 Chrysip·
747 2769 786 2820 10.
799 2783 814 2816 a
825 2769 929 2832 quidus,
946 2765 985 2818 als
998 2766 1032 2818 ob
1047 2782 1154 2832 genera
1167 2770 1222 2833 pbi-

145 2849 198 2900 pas
215 2837 241 2882 ci
258 2833 350 2885 Stoici.
711 2833 871 2899 iasopiaodi
882 2834 1111 2901 vorhergegangen
1130 2838 1206 2889 wire.

182 2901 461 2954 Socratesaatemcet.
489 2900 660 2954 Sinnzlirbe-
746 2904 787 2954 12.
804 2906 1078 2968 ai-quacrersmass.
1112 2902 1161 2956 liic
1177 2904 1221 2957 Zu-

147 2969 267 3022 bandeite
277 2969 658 3036 auerstdieEthikaiseigenen
709 2976 818 3036 seizung
834 2985 887 3022 von
903 2970 979 3023 ctist
996 2971 1063 3024 nach
1075 2970 1135 3024 dent
1146 2971 1189 3035 tt,
1199 2976 1221 3036 1,

147 3037 203 3090 Teii
227 3037 271 3089 der
288 3037 463 3105 Philosophia.
498 3036 577 3089 Acad.
596 3037 613 3090 1.
632 3040 657 3104 4,
710 3041 741 3091 16
757 3055 788 3090 au
807 3044 833 3089 et
843 3039 945 3089 similia
957 3036 1112 3092 Bemerlrten
1130 3056 1165 3092 an
1180 3041 1222 3093 be·

148 3110 191 3160 15:
210 3107 335 3159 Socratas
351 3109 419 3158 miii
431 3106 536 3157 videtur·
551 3108 657 3172 primas
707 3107 825 3159 urteiien.
839 3105 1019 3172 Soaucb512:
1030 3110 1221 3160 stoicamrsns

146 3178 253 3226 arabas
266 3175 376 3228 occultis
388 3179 414 3225 at
426 3176 459 3225 ab
477 3177 536 3238 ipsa
554 3179 656 3226 maiora
708 3176 784 3237 dcam
803 3175 877 3240 §132
895 3174 1015 3241 retiquae
1053 3179 1205 3229 amatistes.

144 3246 309 3296 involutis·
320 3258 446 3295 avocasso
460 3243 656 3309 philosophiam
741 3247 781 3298 14.
793 3243 948 3308 Camacas,
957 3258 977 3295 s.
987 3258 1010 3294 a.
1051 3280 1059 3294 .
1069 3246 1112 3311 22,
1122 3248 1170 3306 54ς
1181 3262 1221 3298 ao-

146 3318 173 3362 at
188 3313 225 3364 ad
241 3314 324 3364 citam
336 3326 498 3362 commanem
511 3312 656 3363 adducisse
706 3305 918 3377 piasissima‘aui
925 3311 984 3363 sehr
995 3311 1102 3365 beredte
1114 3311 1219 3366 Weisc'.

145 3387 202 3442 ceta
222 3379 286 3432 aucb
305 3379 371 3431 oben
389 3379 427 3432 111.
441 3382 465 3444 4,
478 3381 502 3432 8.
743 3383 782 3433 15.
791 3378 1221 3446 sacimas-at-disputarsms

179 3452 203 3504 6.
216 3467 230 3499 a
242 3447 323 3510 caelo,
342 3447 365 3499 d.
377 3447 394 3500 i.
412 3462 459 3500 aus
478 3448 536 3500 dem
549 3447 655 3502 Bereich
706 3447 742 3500 ist
763 3447 990 3500 nacbdrdclrlicber
1012 3447 1051 3499 als
1073 3448 1120 3502 das
1139 3449 1220 3503 blata

144 3518 189 3570 der
206 3516 498 3582 Naturerscbeinungen.
707 3516 914 3582 disputavimus:
931 3515 1023 3568 diessen
1035 3529 1064 3568 es
1077 3532 1127 3570 uns
1146 3533 1219 3585 ange·

178 3589 201 3640 S.
220 3600 323 3650 samm,
344 3584 367 3637 d
386 3585 403 3636 i.
421 3585 466 3637 der
482 3585 656 3651 Forschungs·
705 3583 782 3650 legen
797 3585 860 3636 sein.

144 3652 325 3719 gegenstimde.
742 3655 781 3707 18.
800 3653 889 3704 codem
906 3654 937 3703 ia
953 3654 1019 3718 ioco,
1036 3666 1059 3706 a.
1075 3651 1105 3705 11.
1124 3654 1152 3720 3,
1164 3657 1188 3708 9.

178 3724 201 3774 9.
220 3723 339 3773 Platonis
358 3724 487 3773 memoria
505 3726 532 3772 at
549 3722 654 3783 littaris,
739 3725 780 3771 ost
790 3723 967 3787 propositum,
984 3720 1025 3772 itit
1036 3719 1084 3773 das
1095 3722 1219 3787 gevdbn·

142 3790 174 3840 ἓν
185 3785 233 3840 διὰ
243 3786 331 3841 dania:
346 3781 438 3841 ‘durch
450 3789 539 3842 Pictos
556 3788 655 3842 nieder-
705 3787 772 3840 liobe
789 3805 890 3855 ponera
906 3791 938 3855 (s.
955 3789 973 3842 1.
991 3792 1017 3852 4,
1030 3790 1065 3854 i).

142 3857 324 3926 gescbriebene
342 3854 554 3923 Erinnerungen'‚
739 3858 780 3910 20.
798 3857 905 3909 aidaiar
921 3859 1008 3924 (nabi)
1025 3856 1074 3911 mit
1085 3856 1147 3911 dean
1159 3858 1218 3911 Aac

1119 2264 1126 2277 .
1147 2226 1169 2290 l,
1187 2226 1225 2279 15:
