2550 4410
392 197 485 250 uena
503 196 533 251 r.
552 200 644 264 aare.
656 201 697 252 eo.
718 200 828 263 aaron.
1068 197 1129 256 153

58 375 87 436 in
102 389 168 432 casa
181 370 266 450 panis
282 371 366 432 datus
378 378 465 443 esset,
481 369 555 430 nihil
565 371 659 432 visum
672 379 715 432 est
730 370 780 431 illo
795 388 872 451 pane
887 370 1054 433 iucundius.
1077 372 1131 434 So-

57 467 159 521 craten
172 458 282 530 lerunt,
296 474 465 534 eamusque
478 456 511 516 ad
530 473 684 535 vesperum
694 456 863 517 contentius
871 455 1132 536 ambularetquae·

56 546 207 620 situmque
219 549 297 603 essct
308 560 343 603 ex
356 560 390 602 eo
404 559 461 619 qua
473 559 505 602 re
517 540 544 601 id
557 541 676 616 faceret,
693 541 883 620 respondisse
895 560 936 615 se,
952 560 1011 620 quo
1026 543 1131 604 melius

58 636 188 703 cenaret,
205 645 353 706 opsonare
369 626 545 686 ambulando
557 627 674 688 famem.
702 625 801 698 Quid?
813 626 920 688 victum
936 626 1134 689 Lacedaemo·
1147 639 1178 691 98

23 720 35 769 5
56 715 176 776 nicrum
191 713 221 773 in
235 712 356 792 philitiis
367 730 470 772 nonne
482 709 639 773 ridemus?
654 712 711 774 Ubi
727 730 795 773 cum
809 721 954 791 tyrannus
969 713 1133 775 cenavisset

58 799 233 878 Dionysius,
250 797 367 877 negavit
381 816 413 857 se
428 797 493 858 iure
508 797 557 858 illo
573 797 670 877 nigro,
687 799 764 877 quod
782 815 873 858 cenae
889 807 978 877 caput
993 808 1064 873 erat,
1080 800 1131 860 de-

56 886 207 946 lectatum.
232 883 306 943 Tum
323 883 357 958 is,
374 882 424 960 qui
440 882 487 942 illa
503 893 638 943 coxerat:
652 876 787 944 ‘Minime
802 883 925 958 mirum3
942 883 1131 944 condimenta

58 971 138 1031 enim
154 958 333 1030 defuerunt’.
357 960 453 1038 ‘Quae
469 958 625 1029 tandeml’
645 969 741 1048 inquit
756 969 813 1030 ille.
841 960 953 1028 ‘Labor
968 969 998 1029 in
1014 979 1131 1043 venatu,

57 1055 159 1129 sudor,
175 1072 280 1115 cursus
296 1053 331 1114 ad
347 1052 498 1126 Eurotam,
515 1054 615 1128 fames,
631 1055 708 1130 sitis;
724 1056 769 1115 his
785 1053 864 1114 enim
878 1053 969 1115 rebus
984 1054 1132 1115 Lacedae·

14 1141 225 1201 canoniorum
252 1139 354 1218 epulae
384 1128 592 1199 condiuntur³.
637 1139 733 1218 Atque
754 1140 811 1200 hoc
834 1158 895 1200 non
919 1158 955 1199 ex
976 1140 1131 1201 hominum

57 1244 140 1287 more
156 1225 267 1298 solum,
284 1223 436 1285 sedetiam
453 1242 489 1284 ex
505 1222 606 1285 bestiis
622 1224 752 1305 intellegi
768 1232 880 1305 potest,
897 1242 981 1305 quae,
999 1234 1033 1285 ut
1047 1225 1131 1304 quic-

58 1312 127 1390 quid
140 1310 287 1371 ohiectum
301 1318 354 1384 est,
370 1308 552 1388 quodmodo
569 1329 585 1370 a
600 1317 704 1371 natura
722 1329 782 1370 non
799 1311 836 1372 sit
850 1311 989 1385 ahenum,
1006 1329 1041 1371 eo
1057 1329 1130 1372 con-

56 1406 156 1457 tentae
169 1414 230 1455 non
247 1404 396 1473 quaerunt
408 1394 542 1474 amplius.
567 1394 704 1456 Civitates
719 1395 861 1473 quaedam
877 1397 1030 1457 universae
1046 1415 1128 1458 more
1145 1408 1176 1459 99

57 1483 159 1542 doctae
182 1480 360 1560 parsimonia
375 1480 575 1554 delectantur,
596 1489 631 1541 ut
645 1481 681 1542 de
700 1481 942 1542 Lacedaemoniis
956 1481 1044 1561 paulo
1060 1492 1129 1543 ante

15 1571 40 1622 13
57 1567 192 1628 diximus.
226 1566 381 1627 Persarum
397 1565 629 1644 aXenophonte
644 1567 738 1627 victus
754 1566 927 1646 exponitur,
950 1585 1025 1644 quos
1041 1576 1130 1646 negat

57 1653 92 1713 ad
113 1669 222 1732 panem
245 1651 384 1711 adhihere
401 1651 557 1729 quicquam
574 1660 692 1731 praeter
707 1651 899 1712 nasturcium.
934 1651 1129 1730 Quamquam,

56 1739 80 1799 si
92 1738 236 1817 quaedam
247 1736 333 1797 etiam
347 1736 480 1797 suaviora
497 1744 599 1797 natura
615 1736 770 1806 desideret,
787 1755 874 1816 quam
890 1736 983 1796 multa
999 1755 1035 1796 ex
1051 1746 1130 1797 terra

56 1821 270 1900 arboribusque
299 1821 464 1900 gignuntur
490 1840 559 1882 cum
582 1821 668 1901 copia
693 1821 770 1882 facili
797 1831 860 1882 tum
882 1821 1021 1882 suavitate
1045 1839 1131 1900 prae·

55 1908 162 1969 stantil
185 1906 266 1968 Adde
293 1907 463 1980 siccitatem,
480 1924 554 1985 quae
569 1907 764 1986 consequitur
777 1908 856 1968 hanc
871 1906 1084 1967 continentiam
1100 1907 1130 1967 in

12 1995 35 2048 23
53 1994 146 2066 victu,
167 1993 240 2053 adde
255 1993 285 2052 in
294 1992 461 2071 tegritatem
476 1991 669 2067 valetudinis;
692 1993 797 2053 confer
811 1992 960 2064 sudantis,
975 1991 1128 2066 ructantis,

55 2081 179 2139 reiectos
202 2077 297 2156 epulis
320 2089 469 2157 tamquam
485 2077 600 2157 opimos
621 2077 726 2139 hoves:
748 2087 811 2140 tum
828 2077 990 2156 intelleges,
1013 2077 1064 2156 qui
1080 2095 1131 2137 vo·

55 2165 197 2244 luptatem
211 2163 336 2223 maxime
348 2172 521 2242 sequantur,
537 2182 588 2225 eos
599 2163 721 2225 minime
733 2163 885 2243 consequi,
902 2163 1130 2224 iucunditatem·
1152 2204 1191 2262 35

57 2269 114 2328 que
130 2248 224 2308 victus
240 2266 303 2308 esse
319 2249 349 2308 in
366 2249 526 2322 desiderio,
546 2268 606 2309 non
623 2249 654 2309 in
670 2249 812 2311 satietate.
844 2249 1047 2322 Timotheum,
1070 2248 1129 2309 cla·
1147 2287 1189 2338 100

57 2354 123 2396 rum
139 2333 290 2394 hominem
307 2333 429 2394 Athenis
445 2342 474 2394 33
489 2333 657 2414 principem
673 2335 811 2406 civitatis,
827 2336 942 2408 lerunt,
958 2352 1024 2395 cum
1041 2352 1129 2394 cena-

12 2425 35 2476 23
55 2421 144 2481 visset
165 2419 243 2498 apud
258 2417 411 2479 Platonem
435 2435 530 2496 eoque
551 2419 684 2480 convivio
704 2419 860 2480 admodum
877 2420 1038 2480 delectatus
1053 2426 1131 2480 esset

91 2591 114 2638 1.
127 2585 257 2637 Socraten
274 2586 335 2647 (wie
356 2585 373 2638 l.
387 2588 427 2649 to,
446 2586 568 2637 313133-
618 2590 668 2645 est3
687 2602 708 2640 3.
726 2601 758 2637 au
774 2583 816 2637 tv,
835 2587 875 2650 19,
897 2588 937 2638 44.

55 2659 200 2717 rorarent
218 2654 271 2721 rgl.
289 2654 381 2705 Athen.
400 2652 440 2705 lv.
458 2669 483 2719 p.
505 2657 567 2706 157:
655 2657 693 2707 15.
716 2671 733 2704 α
750 2652 937 2719 Xenophonte:
959 2653 1052 2720 Cyrop.
1070 2653 1088 2705 l.
1107 2654 1131 2719 2,

54 2716 567 2791 Σωκράτηςδὲκαὶπαλλάκιςκατελαμ-
619 2724 643 2775 8.
663 2722 720 2786 Vgl.
739 2722 770 2773 de
789 2720 831 2773 fin.
850 2721 877 2774 ll.
896 2724 937 2785 28,
956 2723 997 2776 92.

54 2788 156 2857 fldem
169 2784 380 2860 διαπεριπατῶν
391 2789 506 2858 ἑσπέρας
517 2793 567 2856 βα·
656 2793 695 2843 18.
720 2791 798 2856 copia
823 2787 915 2854 facili,
942 2790 1001 2842 Ahl.
1028 2789 1130 2857 qualit:

54 2858 136 2910 θείας
147 2855 200 2926 πρὸ
211 2858 257 2922 τῆς
266 2858 359 2922 οἰκίας,
371 2860 417 2910 καὶ
426 2855 495 2925 πρὸς
505 2854 568 2910 noris
614 2851 706 2911 ‘leicht
722 2853 899 2911 anschalihar’.

54 2925 293 2992 πυνθανομέναυε·
312 2931 344 2978 Τί
358 2921 500 2992 ravendel&
511 2922 567 2978 tis·
655 2929 694 2980 19.
713 2927 789 2978 Adde
801 2955 834 2963 -
847 2931 903 2977 tum
915 2927 1060 2992 intelleges,
1078 2942 1098 2979 3.
1111 2925 1129 2979 l.

53 2991 179 3066 γενόφον
188 2993 314 3066 συνάγειν
324 2991 391 3063 arpos
400 2990 433 3047 τὸ
445 2989 566 3048 δεῖπνον.
619 2999 660 3062 13,
677 2996 711 3048 30
728 3010 759 3047 zu
781 2995 904 3047 Τ3113-
920 2996 1069 3046 3333313333.

89 3066 112 3114 4.
132 3079 262 3128 opsonare
278 3067 339 3126 (von
357 3055 485 3129 ὅψανέα)
496 3057 565 3128 ‘(els)
650 3067 797 3116 siceitatem
815 3063 964 3116 bezeichnet
976 3064 1024 3115 den
1037 3077 1128 3127 gesun-

54 3131 153 3183 Zultost
175 3125 328 3184 einkauien'.
618 3131 667 3185 den
680 3132 793 3185 Zustend
810 3131 856 3185 des
868 3131 1058 3185 mensehlichen
1067 3128 1129 3181 llor-

72 3203 95 3252 5.
105 3202 134 3250 in
141 3201 337 3266 philitiis=in
343 3200 475 3266 phidttta'r.
494 3198 566 3250 Auch
637 3215 677 3253 ers
699 3201 733 3251 im
757 3200 899 3265 deponsata
926 3213 1007 3267 gegen
1031 3197 1129 3261 Flesse,

52 3268 88 3319 im
113 3267 212 3320 Grieeh.
238 3265 358 3336 φιλίτια,
386 3263 492 3335 φιδίτια
514 3266 566 3318 und
617 3218 1128 3336 13333313,33133133113333331.1131.

53 3332 184 3404 perdicca.
219 3334 442 3403 Vg1.PlntLye.
463 3338 503 3388 12.
618 3338 672 3388 Gal.
690 3334 723 3388 M.
744 3340 783 3397 10,
802 3337 843 3390 34.

88 3407 112 3456 6.
129 3405 287 3470 Dionysius,
306 3402 349 3455 der
367 3404 454 3455 altere.
653 3406 834 3469 consequitur,
852 3420 873 3456 3.
891 3420 922 3458 zu
940 3404 958 3469 l,
977 3406 1017 3467 16,
1036 3405 1076 3457 36.

87 3477 147 3523 iure
167 3473 214 3524 illo
240 3477 334 3536 nigro,
361 3471 444 3538 ζωμῷ
464 3471 565 3522 Annor-
651 3475 693 3525 21.
707 3477 842 3537 tamquam
857 3476 958 3538 opimos
975 3473 1059 3524 boves.
1083 3471 1128 3524 hie

51 3540 131 3606 νικῷ,
150 3540 233 3606 ζωμῷ
252 3536 402 3607 μέλανα-
416 3531 566 3605 Caput‘der
615 3539 692 3591 Alten
726 3555 812 3591 waren
839 3540 880 3592 bei
908 3540 1128 3607 Vergleichungen

52 3604 207 3675 Heuplteil’,
231 3609 280 3660 wie
299 3608 330 3660 de
349 3623 385 3662 or.
404 3607 481 3674 129,
504 3610 564 3661 132;
616 3609 731 3674 weniger
748 3608 900 3660 wihleriseh
919 3608 957 3660 als
976 3609 1030 3660 wir.

52 3682 135 3743 capnt
153 3680 292 3727 emanatio
313 3677 412 3727 decere.
651 3677 692 3730 23.
718 3674 894 3728 Timotheum:
922 3677 1024 3728 Gonons
1048 3675 1128 3742 Sohar,

87 3749 110 3798 9.
130 3760 224 3796 euriae
241 3745 278 3796 od
294 3736 422 3798 llorfam
441 3736 565 3797 Eurolas'.
616 3743 855 3798 Wiederhersteller
887 3745 932 3797 der
960 3745 1125 3798 athenischen

88 3817 128 3866 11.
140 3819 171 3864 nl
180 3814 308 3878 quicquid
322 3815 453 3864 obiectum
466 3817 512 3876 333,
525 3813 566 3864 hir
617 3811 761 3864 Seemacht.

52 3887 82 3933 at
102 3881 207 3948 aliquid
225 3883 356 3932 obiectum
373 3886 420 3946 est,
438 3881 566 3947 quiequid
653 3883 694 3934 24.
708 3883 869 3948 principem,
887 3882 937 3934 wie
954 3880 972 3934 Ι.
992 3885 1032 3948 15,
1045 3884 1086 3934 34.
