2550 4410
388 187 483 240 uena
499 189 516 243 ι.
537 192 577 257 ιι,
595 191 636 244 ee.
657 194 697 254 ιι,
714 193 756 246 eo.
774 194 815 243 ro.
1099 191 1137 250 51

10 342 14 363 ⁵
62 361 115 439 qui
131 378 200 421 cum
216 361 353 440 Superbo
377 369 521 442 regnante
542 361 573 422 in
596 361 706 423 ltaliam
729 363 870 436 venisset,
892 364 988 424 tonuit
1002 383 1139 445 magnam

62 446 143 506 illam
159 447 311 507 Graeciam
327 465 395 507 cum
411 446 579 528 disciplina,
596 456 658 507 tum
674 447 760 508 etiam
776 448 966 521 auctoritate,
987 450 1139 528 multaque

62 532 181 592 saecula
204 540 307 612 postea
337 532 379 593 sic
394 532 486 612 viguit
511 532 763 612 Pythagoreorum
785 551 911 603 nomen,
934 542 969 593 ut
992 534 1065 594 nulli
1091 534 1139 594 alii

63 617 143 678 docti
159 617 339 678 viderentur.

25 708 41 758 t
149 703 206 762 Sed
229 703 318 762 redeo
341 704 377 763 ad
399 703 547 781 antiquos.
576 703 733 763 Rationem
748 703 790 763 illi
805 704 970 764 sententiae
991 721 1061 764 suae
1077 723 1138 765 non
1156 710 1188 764 17

63 789 127 847 lere
150 787 329 861 reddebant,
356 788 414 849 nisi
433 787 514 866 quid,
527 796 590 849 erat
611 788 743 850 numeris
762 798 813 848 aut
832 787 1066 868 decriptionibus
1087 808 1139 850 er-

62 872 243 952 plicandum.
281 872 434 933 Platonem
456 873 572 947 ierunt,
595 881 628 935 ut
642 873 843 952 Pythagoreos
869 883 1081 951 cognosceret,
1107 874 1139 935 in
1161 883 1191 934 39

63 957 176 1018 ltaliam
196 957 314 1018 venisse
336 966 366 1018 et
386 957 520 1018 didicisse
543 958 728 1038 Pythagorea
750 958 865 1031 omnia,
887 958 1077 1037 primumque
1103 959 1139 1019 de

28 1105 32 1112 ,
63 1043 233 1107 animorum
252 1043 426 1104 aeternitate
449 1062 510 1103 nou
531 1044 626 1104 solum
648 1043 776 1104 sensisse
797 1043 875 1103 idem
890 1042 969 1121 quod
994 1043 1139 1122 Pythago·

10 1129 42 1185 1⁰
63 1145 144 1200 ram,
160 1128 211 1188 sed
226 1126 371 1188 rationem
388 1128 475 1188 etiam
491 1128 632 1189 attulisse.
663 1128 773 1200 Quam,
790 1128 848 1190 nisi
863 1127 932 1206 quid
949 1128 1035 1199 dicis,
1051 1147 1138 1207 prae·

64 1212 262 1273 termittamus
276 1221 306 1272 et
320 1213 396 1273 bano
413 1220 503 1273 totam
518 1231 602 1292 spem
617 1213 842 1274 immortalitatis
857 1212 1068 1290 relinquamus.
1104 1214 1138 1275 Α.

63 1298 109 1357 dn
126 1307 175 1371 tu,
191 1315 260 1357 cum
274 1315 323 1359 me
343 1297 375 1358 in
395 1316 540 1359 summam
561 1299 797 1377 expectationem
814 1298 983 1369 adduxeris,
1006 1297 1138 1360 deseris?

62 1381 173 1442 Errare
195 1400 243 1442 me
263 1382 386 1443 hercule
407 1383 484 1443 malo
507 1401 574 1444 cum
598 1383 737 1457 Platone,
759 1401 848 1461 quem
870 1393 903 1442 tu
923 1383 1026 1462 quanti
1049 1384 1137 1445 iacias

62 1467 126 1527 scio
142 1475 172 1527 et
187 1485 275 1545 quem
290 1485 326 1527 ex
341 1477 393 1528 tuo
409 1486 460 1529 ore
476 1467 622 1542 admiror,
645 1486 732 1546 quam
754 1487 820 1528 oum
842 1468 905 1528 istis
926 1486 994 1528 vera
1017 1469 1136 1529 sentire.

10 1552 40 1604 1⁵
61 1551 104 1612 M.
121 1551 217 1612 Macte
238 1552 362 1613 virtutel
386 1571 441 1630 ego
463 1553 543 1613 enim
564 1552 626 1632 ipse
649 1571 715 1613 oum
739 1553 843 1613 eodem
865 1553 921 1613 isto
947 1572 1007 1613 non
1031 1553 1139 1615 invitus
1161 1563 1190 1613 to

61 1636 232 1697 erraverim.
262 1637 338 1696 Num
354 1637 446 1716 igitur
465 1637 634 1699 dubitamus
655 1638 732 1698 sicut
746 1638 887 1715 pleraque
903 1672 944 1681 -
960 1656 1138 1717 quamquam

60 1721 121 1781 hoo
136 1721 255 1799 quidem
270 1722 408 1798 minime;
434 1724 614 1802 persuadent
639 1722 719 1782 enim
741 1722 954 1795 mathematici,
982 1732 1091 1783 terram
1106 1724 1136 1783 in

60 1807 161 1867 medio
182 1806 293 1867 mundo
308 1807 393 1876 sitam
415 1808 451 1867 ad
474 1807 605 1869 universi
627 1806 699 1868 caeli
729 1807 915 1885 complexum
936 1807 1019 1884 quasi
1034 1809 1138 1886 puncti

61 1891 157 1952 instar
172 1891 324 1965 obtinere,
346 1891 427 1970 quod
447 1893 580 1975 κέντρον
595 1892 636 1953 illi
657 1889 785 1952 vocant?
815 1910 879 1951 eam
895 1909 986 1969 porro
1002 1902 1138 1952 naturam

11 1977 41 2028 20
62 1994 128 2037 esse
144 1984 286 2054 quattuor
301 1977 401 2038 omnia
415 1976 601 2056 gignentium
617 1994 789 2056 corporum,
805 1985 847 2050 ut,
864 1975 948 2054 quasi
963 1977 1070 2054 partita
1085 1978 1138 2037 ba·

62 2059 160 2122 beant
168 2061 247 2122 iuter
261 2079 293 2122 se
309 2080 342 2122 ac
358 2061 448 2123 divisa
462 2070 621 2136 momenta,
647 2070 767 2123 terrena
783 2071 812 2121 et
823 2061 922 2122 umida
938 2071 1045 2141 suopte
1061 2070 1138 2126 nutu

60 2192 116 2228 war
140 2175 207 2228 noch
229 2191 270 2228 am
293 2176 397 2242 beben.)
437 2177 485 2230 Der
508 2179 573 2230 ilus-
659 2181 700 2230 14.
719 2193 945 2229 ore=sermona

59 2244 142 2296 druolr
153 2259 212 2295 meo
227 2245 327 2309 gentili
342 2245 378 2297 ist
391 2245 460 2298 wohl
472 2262 520 2298 aur
532 2248 573 2298 ein
658 2261 718 2296 oum
733 2249 799 2303 istr'e,
818 2246 865 2297 mit
876 2245 967 2309 denen,
980 2246 1022 2297 die
1033 2245 1074 2298 die
1086 2245 1138 2297 Uu-

60 2311 156 2364 Schera
175 2327 225 2363 von
244 2312 339 2364 Cicero.
624 2313 801 2365 sterbliobkeit
818 2313 937 2378 leugues.

94 2373 573 2446 2.disciplina-auctoritate‘lelrre
660 2384 699 2434 15.
723 2397 779 2432 aaa
799 2383 901 2430 incitas
924 2385 1071 2431 erraverim
1088 2382 1137 2433 soll

58 2477 92 2486 -
106 2447 282 2514 personliches
298 2440 442 2501 Ansebeu'.
477 2447 574 2516 Pytha·
626 2464 673 2500 nur
691 2448 742 2500 Cic.
761 2448 841 2499 bobes
859 2446 985 2499 Zutrauea
1003 2447 1137 2500 zuPlatos

58 2515 574 2582 goraswarauolrReformatorderSitten
624 2516 740 2567 Einsioht
758 2514 927 2566 ausdruelreu.
964 2513 1019 2579 Vgl.
1034 2517 1074 2576 21,
1088 2518 1134 2567 49:

58 2583 113 2636 und
125 2583 171 2635 der
179 2582 337 2650 Verlassuug
349 2584 476 2637 mehrerer
484 2584 574 2636 Stadte
624 2589 656 2634 at
664 2585 733 2633 enim
744 2588 793 2633 eet.
804 2597 828 2632 u.
839 2581 870 2633 de
880 2581 950 2633 deor.
960 2597 996 2633 u.:
1006 2581 1033 2632 ll.
1046 2585 1086 2646 12,
1095 2584 1137 2646 32,

57 2651 573 2719 inGrotsgriecbenland;vgllV.t,2u.3.
625 2667 667 2703 wo
686 2666 713 2701 er
731 2653 808 2714 quari
824 2650 934 2714 quidam
946 2650 1010 2700 deae
1017 2650 1137 2715 pbiloso-

95 2724 120 2773 5.
137 2721 175 2770 ad
190 2724 330 2786 antiquos,
354 2736 387 2772 aa
409 2721 458 2772 den
476 2721 573 2772 altered
620 2722 739 2787 pteram
756 2722 869 2784 genanut
887 2717 960 2769 wind.

58 2786 261 2854 Pythagoreum
661 2790 701 2840 16.
718 2790 789 2838 siem
795 2787 934 2852 pleraque,
948 2785 1060 2838 nimliob
1072 2787 1137 2838 aaeb

93 2858 119 2908 o.
137 2872 193 2907 nora
209 2855 268 2916 sere
285 2856 438 2908 reddebant.
468 2855 511 2909 Sie
529 2857 573 2908 be·
625 2855 670 2908 der
687 2855 774 2906 Weiss
792 2854 838 2905 der
854 2868 966 2905 neuerea
983 2853 1136 2915 Akademie;

58 2927 176 2988 gnugten
193 2924 248 2977 sich
266 2924 430 2989 gewobnlich
450 2925 498 2975 mit
515 2924 573 2976 dem
624 2929 767 2975 terram-
778 2925 897 2973 obtinere
919 2925 982 2972 statt
999 2925 1077 2986 pain,
1101 2923 1137 2974 im

58 2990 187 3058 Sprucbe:
214 2984 309 3056 Αὐτὸς
335 2994 380 3057 (sc.
405 2991 575 3059 Pythagoras)
626 2990 765 3042 Ansohluts
783 3005 815 3041 an
828 2990 874 3041 das
887 2988 998 3040 Verbum
1016 2989 1062 3041 des
1080 3005 1137 3056 par-

58 3053 124 3130 ἔφα.
628 3057 806 3112 enthetisohen
824 3056 926 3115 Sataes;
944 3056 997 3122 vgl.
1015 3057 1064 3109 den
1083 3073 1137 3110 um-

93 3129 319 3193 doseriptioaitas
335 3152 371 3174 =
387 3127 574 3192 geometrische
626 3127 768 3194 gelehrten
785 3125 841 3176 Fall
853 3127 895 3188 36,
908 3125 949 3178 88.

56 3196 183 3261 ligurem
192 3195 244 3261 vgl.
255 3194 287 3246 de
297 3195 340 3248 ou
349 3195 367 3248 1.
377 3196 419 3260 39,
430 3196 491 3247 138:
501 3195 574 3245 aedi·
661 3198 700 3247 17.
712 3196 743 3245 ira
753 3194 841 3246 medio
852 3193 953 3244 mundo
966 3196 1054 3259 sitam,
1071 3209 1136 3260 gana

56 3264 163 3327 maadi
180 3263 336 3330 descriptio,
358 3263 400 3315 die
417 3263 573 3328 Zeicbnung,
625 3278 663 3326 so,
681 3262 732 3313 wie
750 3275 778 3312 es
801 3261 843 3311 bei
866 3260 940 3312 Plato
963 3261 1040 3314 heilst
1057 3261 1136 3313 Pbid.

56 3332 103 3384 der
120 3329 195 3382 Plan.
623 3346 649 3396 p.
663 3332 711 3383 108
724 3329 756 3380 E:
770 3324 867 3399 (yp‘biv
877 3325 957 3402 μέσῳ
968 3331 1010 3402 τῷ
1022 3321 1137 3401 οὐρανῷ

92 3402 118 3452 8.
138 3401 310 3465 primamque
328 3402 377 3451 cet.
412 3398 474 3450 Item
493 3397 572 3450 Sinne
624 3391 778 3470 περιφερὴς
800 3397 880 3452 orlaa.
963 3455 971 3479 ι
1090 3463 1100 3474 „

55 3467 125 3520 nach
136 3466 214 3518 sollte
224 3465 265 3518 die
278 3465 501 3532 Satarerbindung
513 3466 571 3517 eine
659 3469 698 3519 18.
708 3466 959 3529 ad-compleaum
975 3463 1009 3513 im
1021 3462 1137 3513 Verbalt·

54 3535 317 3588 subordiniertesein:
323 3537 570 3600 primamque,eam
622 3534 662 3586 nis
674 3525 725 3586 zu’.
755 3531 813 3598 Vgl.
827 3532 878 3583 Cio.
891 3532 923 3583 de
936 3537 999 3581 orat.
1011 3529 1039 3581 ll.
1053 3532 1076 3593 6,
1089 3532 1135 3582 25:

54 3604 91 3655 de
109 3606 263 3654 arnimar-um
280 3606 369 3654 aetate
378 3602 571 3654 smtiretidem
622 3605 713 3653 airum
729 3616 785 3651 reon
798 3600 987 3658 inlitteratum,
1005 3597 1051 3648 aad
1067 3598 1138 3648 nibil

53 3672 131 3738 quad
143 3672 323 3738 Pptaagoras,
339 3674 473 3722 rationem
490 3672 571 3721 etiam
623 3670 660 3721 ad
675 3671 802 3720 Persium.

53 3740 188 3792 attulisse.
223 3737 295 3791 Nacti
316 3738 361 3791 der
387 3744 473 3790 ersten
495 3737 572 3790 Reise
658 3740 699 3790 20.
717 3750 869 3801 corporum,
887 3749 907 3785 s.
920 3749 943 3786 z.
957 3736 997 3797 10,
1009 3735 1050 3787 22.

52 3808 124 3860 nacb
132 3807 223 3859 italien
233 3809 285 3872 (nm
295 3808 355 3871 387)
365 3805 495 3859 solll'lato
505 3806 572 3858 noch
658 3807 699 3857 21.
721 3807 855 3855 momento
877 3802 932 3885 laieg
950 3793 1137 3869 ιΒιιιιεςιιιιςι-

53 3875 176 3928 zweimal
195 3875 271 3926 dabin
290 3874 444 3940 gelrommen
462 3875 525 3927 sein.
624 3877 736 3943 gesem,
754 3870 938 3937 Richtungen.

896 3957 932 4007 4*
