2550 4410
350 200 477 253 neuun
496 203 538 266 aa,
557 204 598 254 ee.
615 205 657 254 oo.
990 199 1030 257 85

57 394 113 453 pro
129 374 222 453 patria
239 375 371 436 cadentis
387 373 543 453 Scipiones
561 373 699 452 Hispania
713 372 847 447 vidisset,
864 374 987 434 Paulum
1004 385 1034 434 et

40 479 116 521 ,num
138 459 265 533 Cannae,
287 459 416 520 Venusia
430 459 609 532 Marcellum,
632 458 734 518 Litana
750 458 899 531 Albinum,
921 459 1032 520 Lucani

40 545 135 605 chum.
165 545 243 605 Num
259 545 325 623 quis
339 545 446 605 horum
461 545 551 605 miser
567 541 676 603 liodie?
699 550 814 603 netum
831 544 949 621 quidem
964 554 1033 623 post

40 648 96 690 um
112 639 291 705 extremum;
307 649 364 690 nec
380 630 458 690 enim
474 639 571 708 potest
586 647 650 689 esse
665 628 755 689 miser
769 628 926 707 quisquam
942 647 1032 690 sensu

40 724 123 795 npto.
163 715 198 774 lt
215 715 355 794 idipsum
371 715 503 775 odiosum
520 723 572 787 est,
589 714 654 774 sine
670 732 760 774 sensu
776 733 849 774 esse.
880 713 1032 789 Odiosum,

55 809 134 860 esset
149 818 259 860 carere.
304 800 376 860 Cum
392 818 462 860 vero
486 799 674 879 perspicuum
700 798 737 858 sit
752 799 825 859 nihil
845 799 980 878 possein
996 818 1032 860 eo

60 886 111 962 qui
126 886 191 963 ipse
207 904 267 945 non
284 885 336 958 sit,
359 885 429 963 quid
445 887 542 963 potest
558 903 622 944 esse
638 884 668 944 in
685 902 720 943 eo
737 884 888 957 odiosum,
909 885 960 963 qui
976 903 1032 945 nec

40 978 57 1029 (1
71 989 127 1030 nec
143 968 271 1030 sentiat?
297 970 479 1048 Quamquam
498 970 555 1029 hoc
570 969 689 1047 quidem
702 968 790 1029 nimis
802 987 898 1048 saepe,
920 969 971 1030 sed
987 988 1031 1042 eo,

62 1054 93 1114 in
117 1055 174 1115 hoc
196 1055 275 1115 iuest
290 1056 385 1116 omnis
401 1054 490 1114 animi
506 1054 669 1114 contractio
685 1072 720 1114 ex
735 1064 815 1114 metu
830 1054 943 1115 mortis·
974 1054 1033 1125 Qui

59 1140 129 1201 satis
150 1140 263 1213 viderit,
285 1140 312 1200 id
336 1140 416 1219 quod
438 1147 482 1200 est
504 1140 569 1201 luce
596 1139 719 1214 clarius,
746 1140 844 1200 animo
861 1149 891 1199 et
906 1158 1032 1218 corpore

40 1234 138 1303 umpto
165 1233 288 1303 totoque
311 1225 460 1285 animante
483 1224 578 1285 deleto
600 1233 629 1284 et
649 1226 725 1285 lacto
749 1225 872 1285 interitu
893 1225 1032 1285 universo

52 1310 176 1382 animal,
199 1311 278 1387 quod
300 1311 403 1382 luerit,
422 1312 530 1370 lactum
553 1329 616 1371 esse
633 1310 715 1382 nihil,
731 1309 756 1370 is
771 1310 859 1388 plane
875 1309 1033 1388 perspiciet

53 1395 338 1474 Hippocentaurum,
355 1396 406 1473 qui
421 1414 582 1473 numquam
599 1396 704 1469 luerit,
721 1404 750 1454 et
765 1413 864 1474 regem
877 1396 1032 1473 Agamem-

41 1498 71 1539 m
94 1480 167 1539 nihil
183 1480 342 1554 interesse,
366 1500 422 1541 nec
437 1480 530 1559 pluris
546 1498 627 1541 nunc
641 1481 738 1540 lacere
753 1480 790 1540 Μ.
807 1479 961 1540 Camillum
977 1480 1032 1540 hoc

40 1591 43 1620 ι
66 1564 192 1637 bellum,
216 1584 305 1644 quam
327 1583 382 1644 ego
398 1565 447 1626 illo
464 1565 525 1625 vivo
546 1565 667 1625 fecerim
681 1565 803 1625 Romam
819 1573 943 1645 captam.
974 1565 1033 1625 Cur

40 1667 51 1708 r
66 1660 95 1709 et
111 1650 248 1711 Camillus
263 1651 385 1724 doleret,
402 1651 425 1710 si
440 1651 513 1710 haec
528 1658 596 1729 post
607 1657 759 1710 trecentos
773 1658 803 1710 et
818 1650 1032 1729 quinquaginta

43 1752 137 1795 annos
164 1743 305 1795 eventura
320 1743 453 1815 putaret,
477 1743 507 1795 et
521 1753 577 1815 ego
593 1734 722 1808 doleam,
745 1735 770 1795 si
785 1735 821 1795 ad
837 1734 939 1795 decem
952 1735 1033 1795 milia

42 1839 107 1880 rum
130 1830 249 1898 gentem
270 1821 396 1899 aliquam
418 1819 492 1881 urbe
514 1829 615 1881 nostra
631 1820 790 1898 potituram
804 1818 927 1898 putem?
957 1819 1032 1890 Quia

61 1905 165 1965 caritas
187 1905 299 1984 patriae
322 1917 381 1979 est,
402 1913 436 1965 ut
458 1923 520 1965 eam
542 1925 603 1966 uon
625 1923 716 1966 sensu
732 1913 850 1979 nostro,
873 1905 924 1965 sed
939 1903 1033 1964 salute

40 1990 232 2050 smetiamur.

40 2105 177 2171 Scipiones
194 2111 242 2157 eet.
267 2105 470 2158 llieBn'rderCn.
523 2106 628 2171 Getnul,
664 2106 710 2158 (las
745 2097 950 2168 Gedrucktsein’,
987 2104 1033 2156 das

55 2174 185 2224 Cornelius
210 2173 296 2241 Scipio
317 2173 393 2226 fielen
413 2177 471 2238 212,
523 2173 656 2240 Gegenteil
673 2190 725 2227 von
740 2175 834 2237 effusio
847 2176 932 2226 animi
949 2176 979 2239 (s.
991 2173 1033 2225 lV.

40 2241 122 2293 utilius
141 2241 244 2307 Paulus,
269 2242 313 2293 der
330 2241 409 2303 Vater
426 2243 471 2294 des
523 2245 564 2306 31,
582 2246 633 2306 661.
672 2242 709 2296 Zu
731 2242 775 2294 der
799 2243 964 2294 attributiven
986 2242 1034 2292 Be-

40 2309 153 2374 lonicus‚
172 2311 209 2361 als
227 2309 338 2371 Konsul,
356 2310 408 2361 und
427 2311 470 2361 Gn.
522 2311 673 2376 stimmung‚
701 2327 736 2361 ee
762 2316 834 2361 metu
856 2313 951 2361 nwrtie
977 2311 1033 2372 (aus

40 2377 86 2428 lius
113 2376 247 2440 Geminus,
274 2377 312 2428 als
337 2377 472 2442 llonsular‚
523 2377 567 2429 der
583 2377 753 2430 Todeslurcht
769 2376 1033 2443 hervorgehend)

51 2444 85 2496 M.
109 2445 230 2496 Claudius
251 2445 400 2509 Marcellus,
427 2447 472 2497 der
522 2445 574 2511 rgl.
593 2449 634 2511 22,
653 2450 698 2498 51:
715 2448 774 2496 sine
792 2461 911 2511 corpore.

40 2529 85 2564 uer
102 2528 153 2564 von
166 2512 286 2580 Syracus,
305 2516 363 2578 208,
381 2515 407 2565 L.
424 2513 474 2565 Po·
560 2516 600 2565 14.
626 2530 674 2564 nec
689 2513 777 2579 pluris
793 2513 884 2573 facere
901 2515 949 2564 cet
968 2504 1033 2563 ‘uml

40 2596 69 2633 us
87 2581 195 2632 Albinus
217 2584 265 2634 215
290 2583 325 2633 im
343 2582 473 2648 cispadan.
524 2581 580 2632 dass
607 2581 728 2632 Camillus
755 2581 809 2631 sich
832 2581 899 2644 Jetzt
926 2579 1033 2630 ehenso-

40 2665 68 2712 n,
86 2648 143 2701 Tib.
162 2648 326 2717 Sempronius
345 2650 473 2702 Gracchus
524 2650 610 2714 wenig
627 2664 670 2699 um
688 2648 737 2700 den
750 2648 958 2714 gegenwartigen
971 2645 1034 2698 Birr-

40 2717 108 2768 lureh
127 2716 239 2783 Flavius,
258 2718 307 2769 den
320 2718 473 2770 lleerluhrer
524 2717 642 2784 gerkrleg
659 2716 786 2768 nummeu
803 2708 854 2770 —'.
891 2714 924 2768 M.
943 2713 1033 2767 Furius

41 2801 141 2837 ucauer.
524 2785 653 2851 Camillus,
671 2785 716 2836 der
727 2783 815 2836 Retter
827 2782 905 2836 Roms
919 2799 970 2835 von
983 2782 1033 2834 den

40 2852 356 2920 LitdnalnachAnalogie
367 2853 473 2905 anderer
523 2854 643 2919 Galliem,
660 2855 710 2907 390
727 2869 752 2905 v.
771 2852 828 2904 our.

40 2922 96 2972 cher
108 2921 213 2986 Nomen,
232 2923 303 2974 nicht
315 2923 433 2986 Litana),
451 2938 471 2973 s.
559 2925 598 2974 16.
616 2922 723 2988 doleret,
735 2925 759 2972 ai
769 2950 799 2958 -
806 2923 933 2987 putaret?
958 2919 995 2970 Zu
1008 2918 1032 2971 (1.

40 2989 110 3041 111111.
124 2993 207 3054 24,1;
226 2990 301 3041 Silva
320 2995 380 3041 erat
395 2995 471 3040 ousta
523 2991 594 3054 Conj.
606 2990 708 3056 lmperf.
726 2995 788 3042 statt
802 2990 847 3041 des
859 2988 931 3051 Gonj.
944 2987 1033 3053 Plusq.

40 3058 472 3125 earuGallivoeabant),quaeeer·
523 3059 549 3109 iu
566 3058 688 3110 beiden
706 3058 800 3109 Sitzeu
818 3057 870 3123 vgl.
888 3054 953 3107 Plril.
971 3053 1033 3108 Vlll.

40 3144 44 3175 ι
56 3126 231 3176 traducturus
242 3131 302 3178 arat
310 3156 350 3177 -.
373 3126 414 3176 Ibi
423 3128 471 3176 Po·
523 3130 598 3191 4,14:
611 3142 676 3176 natm
684 3128 881 3191 igitureum,st'
891 3130 1032 3186 tumescas,

40 3197 73 3244 'us
86 3197 159 3245 omni
170 3197 205 3256 vi,
223 3211 256 3244 ne
269 3199 416 3260 caperemur,
432 3195 472 3244 di·
523 3197 696 3245 temerarium
723 3197 805 3245 civmu
831 3199 880 3246 aut
900 3191 1033 3243 crudelem

40 3279 62 3312 ee
80 3265 211 3314 occubuit.
521 3266 649 3328 putares?

44 3331 115 3381 nihil
138 3334 168 3381 in
192 3347 222 3380 eo
245 3347 312 3381 ease:
339 3329 396 3381 dass
417 3329 472 3380 der·
558 3335 598 3384 11.
612 3331 648 3381 ad
659 3331 746 3381 decem
757 3331 975 3381 nailtaannorum
988 3319 1033 3378 ‘in

40 3413 47 3448 e
69 3399 153 3450 niehts
177 3398 288 3461 besitze,
318 3397 343 3450 (1.
367 3398 392 3449 h.
417 3396 472 3447 dass
523 3397 697 3450 zehntauseud
714 3391 832 3463 Jahren',
850 3395 989 3461 cigentlich
1005 3395 1032 3445 iu

40 3468 173 3532 eujenigen
193 3466 277 3517 niehts
295 3466 340 3517 sei.
522 3466 580 3517 dem
592 3465 754 3531 Zeitpunlrte
772 3467 799 3517 in
815 3464 940 3515 walchem
952 3476 981 3513 es
991 3461 1033 3512 bis

40 3538 117 3585 nimie
128 3551 213 3600 saepe,
231 3550 266 3587 sc.
281 3551 298 3584 a
308 3550 350 3584 me
362 3534 472 3584 diuitem
522 3551 554 3585 zu
573 3534 746 3586 zehnlausend
762 3531 927 3584 vollendeten
938 3529 1033 3581 Jahren

40 3604 158 3669 augll,
179 3605 219 3653 13.
523 3602 675 3668 gekommen
693 3602 735 3654 ist.
766 3601 800 3652 So
813 3599 844 3651 ad
857 3598 911 3651 Ate
923 3597 973 3648 1111.
986 3599 1032 3650 46:

41 3674 71 3721 in
89 3673 150 3734 hoc,
175 3671 198 3722 d.
217 3671 241 3722 lt.
266 3668 321 3721 dats
347 3670 393 3721 das
414 3673 471 3719 sine
522 3674 611 3721 racemo
629 3670 696 3735 quid
711 3671 832 3731 intersit,
856 3671 948 3717 ulmum
967 3665 1034 3716 illue

58 3757 113 3789 ease
130 3740 168 3791 als
187 3739 304 3791 odiosum
318 3737 377 3804 gilt;
395 3740 470 3802 inest,
521 3754 594 3790 nune
610 3741 716 3789 veniam
733 3753 770 3788 an
786 3738 823 3787 ad
835 3736 922 3786 decem
934 3749 1032 3794 annos;

50 3810 91 3871 21,
110 3811 150 3861 66.
523 3807 554 3858 de
572 3822 610 3860 or.
626 3805 664 3857 111.
683 3807 724 3867 24,
741 3807 782 3857 92.

40 3879 80 3926 'mi
92 3867 471 3940 contractio‘dasbeengende
558 3879 598 3928 19.
624 3878 655 3924 ut
672 3891 729 3924 eom
747 3902 780 3912 -
796 3874 952 3924 metiamur:
977 3868 1033 3921 dale
