2550 4410
124 183 163 242 40
472 180 565 233 etune
581 181 599 233 1.
621 185 659 246 10,
679 183 719 233 22.
741 184 779 245 11,
799 183 840 234 23.

120 354 244 429 docere,
265 363 295 414 et
310 352 442 414 invenire
457 352 565 431 aliquid
581 361 681 414 ettam
697 352 788 412 multa
803 347 882 435 [alia]
898 351 1083 424 meminisse,
1101 369 1200 413 amare

124 440 236 513 odisse,
258 456 367 517 cupere
390 438 508 511 timere,
531 437 599 517 angi
619 437 736 511 laetari,
765 437 838 496 haec
862 445 891 497 ct
913 436 1017 497 similia
1039 454 1145 497 eorum
1169 437 1198 498 in

122 525 229 586 horum
250 531 390 603 quattuor
418 540 563 602 generum
585 523 683 584 inesse
711 522 792 583 nullo
813 529 912 599 putat;
942 522 1080 600 quintum
1104 540 1199 600 genus

123 608 241 670 adhibet
255 626 361 668 vacans
382 607 519 681 nomine,
543 615 572 668 et
593 608 636 668 sio
657 609 754 685 ipsum
776 607 907 667 animum
928 600 1130 686 ἐνδελέχειαν
1146 625 1197 686 ap-

121 694 210 774 pellat
233 712 309 754 novo
332 692 453 753 nomine
474 692 557 769 quasi
580 693 727 771 quandam
756 690 958 752 continuatam
984 692 1150 753 motionem
1171 701 1200 753 et
1216 702 1234 752 t.

69 870 104 924 11
122 797 364 940 perendiffquae
387 879 433 923 me
455 862 531 922 lente
546 861 678 939 lugiunt,
699 861 771 921 haec
790 870 861 922 sunt
875 862 937 921 sere
953 860 988 922 de
1005 860 1105 920 animo
1126 878 1193 920 sen·

123 949 242 1009 tentiae.
272 946 472 1007 democritum
488 946 581 1020 enim,
604 964 744 1023 magnum
767 946 849 1006 illum
870 945 987 1024 quidem
1009 944 1121 1020 virum,
1144 945 1193 1006 sed

120 1032 233 1092 levihus
256 1039 286 1091 et
306 1030 441 1091 rotundis
470 1031 653 1110 corpusculis
679 1030 857 1092 efficientem
886 1031 1017 1091 animum
1045 1047 1193 1091 concursu

122 1117 248 1195 quodam
274 1115 412 1189 fortuito,
439 1115 623 1190 omittamus3
650 1115 723 1176 nihil
749 1125 794 1176 est
814 1115 894 1176 enim
916 1116 993 1194 apud
1019 1114 1091 1176 istos
1117 1114 1237 1193 quodlt

71 1207 102 1257 23
122 1220 184 1262 non
200 1208 366 1260 atomorum
380 1199 468 1260 turha
488 1200 634 1261 conficiat.
667 1199 780 1260 Harum
795 1200 1008 1262 sententiarum
1031 1218 1108 1278 quae
1128 1217 1196 1260 vera

122 1285 159 1346 sit
174 1285 247 1346 deus
262 1284 352 1363 aliqui
372 1285 491 1358 viderit3
514 1303 588 1363 quae
603 1284 664 1345 veri
679 1285 841 1358 simillima,
864 1303 971 1364 magna
992 1285 1127 1363 quaestio
1143 1292 1195 1345 est.

120 1369 226 1431 Utrum
248 1369 340 1449 igitur
367 1370 447 1430 inter
471 1369 523 1430 has
554 1369 715 1431 sententias
742 1370 901 1431 diiudicare
928 1369 1073 1430 malumus
1101 1387 1140 1430 an
1161 1369 1196 1429 ad

120 1455 306 1534 propositum
328 1452 448 1514 redire?
476 1454 508 1515 l.
526 1454 669 1534 Cuperem
691 1455 827 1534 equidem
849 1462 1023 1534 utrumque,
1046 1454 1070 1515 si
1087 1463 1194 1533 posset,

120 1539 171 1601 sed
187 1547 232 1600 est
246 1538 364 1600 uitfictte
380 1539 573 1600 confundere.
605 1539 669 1610 Qua
684 1558 716 1600 re
732 1540 772 1614 si,
794 1548 827 1600 ut
849 1540 904 1601 ista
926 1559 987 1601 non
1003 1539 1195 1613 disserantur,
1216 1546 1237 1597 lt

119 1624 238 1685 liberari
259 1623 363 1686 mortis
389 1632 472 1685 metu
492 1643 665 1703 possumus,
691 1625 720 1685 id
741 1642 876 1703 agamus3
903 1624 948 1686 sin
965 1625 993 1684 id
1014 1643 1076 1684 non
1099 1632 1196 1704 potest

119 1708 176 1770 nisi
190 1711 245 1770 hae
260 1708 433 1787 quaestione
448 1709 616 1772 animorum
637 1709 794 1789 explicata,
818 1727 913 1785 nunc,
936 1709 961 1770 si
975 1709 1107 1782 ridetur,
1128 1708 1195 1782 hoc,

96 1793 190 1855 ¹illud
204 1794 283 1855 alias.

204 1879 244 1940 M.
263 1879 348 1950 Quod
365 1878 451 1939 malle
466 1888 495 1939 te
510 1878 665 1955 intellego,
687 1877 716 1938 id
737 1886 810 1957 puto
834 1897 898 1941 esse
920 1877 1113 1940 commodius.
1144 1877 1196 1938 El·

153 2015 176 2065 4.
189 2007 526 2080 dudetixccauwiederein
537 2011 630 2075 grohes
719 2013 756 2063 10.
766 2011 840 2076 apud
848 2012 920 2072 istoc,
931 2010 972 2062 hel
982 2009 1032 2062 den
1041 2010 1195 2075 Atomislen,

117 2076 247 2130 Versehen
254 2078 364 2131 Ciceros.
377 2076 454 2128 Nicht
464 2072 629 2146 ἐνὸελέχεια,
681 2077 762 2130 denen
781 2077 836 2129 sich
854 2077 920 2130 auch
937 2077 1034 2144 Epilrur
1055 2078 1194 2131 anschlois.

117 2160 172 2197 was
181 2144 308 2197 ellenialls
317 2143 396 2196 durch
410 2147 537 2196 contiuua
546 2148 629 2196 motio
717 2149 755 2200 12.
775 2146 839 2197 deus
856 2146 950 2212 aliqui.
986 2145 1020 2199 So
1041 2144 1082 2197 lV.
1104 2150 1144 2211 16,
1163 2149 1196 2199 35

116 2213 248 2265 dhcrsetzt
266 2210 368 2264 werden
386 2210 495 2275 kanuto,
520 2212 629 2264 scudem
680 2230 705 2266 u.
716 2212 746 2266 V.
765 2216 806 2278 21,
825 2215 871 2266 62ε
889 2214 977 2279 aliqui
994 2219 1091 2266 terror.

116 2276 275 2360 ἐντελέχεια
293 2283 373 2331 neunt
387 2278 464 2331 Arist.
483 2277 532 2330 den
550 2279 628 2346 Geist,
717 2284 755 2334 13.
773 2283 845 2332 inter
869 2283 917 2333 lue
933 2284 1077 2332 sententiae
1095 2282 1196 2334 diiudi-

116 2349 140 2401 d.
160 2349 185 2402 h.
204 2363 260 2400 erne
285 2347 335 2400 den
352 2346 450 2412 lldrper
471 2346 629 2415 hewegende
681 2363 749 2412 core,
768 2347 937 2402 wiedeorat.
954 2349 1025 2413 139,
1041 2352 1102 2402 176:
1121 2351 1197 2402 Inter

115 2415 204 2480 Krelt,
227 2415 306 2468 durch
324 2415 423 2467 welche
441 2413 524 2467 dieser
541 2416 630 2469 seinen
681 2415 824 2467 Marcellos
841 2422 868 2467 ct
882 2417 1009 2469 Claudios
1033 2421 1195 2470 centumuiri

116 2484 211 2537 Zwech
229 2499 260 2536 zu
279 2483 409 2536 erreichen
426 2498 538 2550 vermag.
682 2485 848 2536 iudicarunt.

150 2558 174 2607 7.
193 2555 266 2620 hoec,
284 2568 304 2605 s.
324 2552 347 2605 d.
366 2552 424 2604 luit.
443 2551 509 2607 Anh.
717 2555 756 2606 14.
774 2555 798 2602 ci
817 2557 907 2617 poscet
930 2568 964 2605 se.
987 2552 1060 2616 ficri,
1084 2553 1134 2605 wie
1153 2556 1194 2618 31,

150 2625 173 2674 8.
191 2623 383 2674 Democritum.
419 2619 453 2672 lin
469 2636 522 2673 wer
533 2636 565 2673 zu
578 2620 629 2672 hh·
681 2623 726 2672 tt:
746 2620 960 2685 perpetuen.
978 2619 1019 2673 lV.
1041 2622 1080 2681 18,
1100 2624 1147 2674 41:
1166 2623 1196 2672 id

115 2688 175 2741 dena
194 2692 243 2741 460
260 2705 284 2740 v.
298 2688 354 2742 Chr.
373 2688 493 2754 gehenon,
512 2687 564 2739 nnd
581 2689 629 2740 bil·
679 2703 735 2739 nou
762 2692 857 2754 potest.
897 2687 1015 2740 llieselbc
1039 2687 1136 2755 Ellipse
1160 2689 1194 2742 ist

115 2755 174 2808 dete
187 2756 226 2807 als
238 2755 346 2806 Schuler
358 2754 403 2807 des
415 2753 559 2821 Leucippus
572 2754 628 2808 des·
680 2755 721 2807 hel
733 2760 764 2806 ut
775 2757 842 2807 solet
854 2754 895 2810 od.
908 2756 1010 2808 adsolet
1020 2756 1193 2823 occinente,

116 2838 161 2875 sen
180 2822 259 2874 Lehre
277 2837 329 2873 von
347 2821 395 2873 den
408 2821 519 2874 Atomen
537 2822 627 2874 weiter
678 2838 755 2875 wenn
771 2839 823 2876 von
846 2823 916 2875 einer
938 2823 1108 2890 allgemeinen
1127 2823 1194 2878 situ

115 2904 168 2943 eus.
192 2888 249 2956 Vgl.
261 2889 293 2941 dc
305 2889 375 2943 deor.
388 2903 413 2941 n.
424 2888 443 2940 l.
456 2892 496 2953 24,
508 2891 552 2942 66;
571 2890 626 2941 Istc
679 2891 720 2943 dic
738 2889 808 2943 Rode
825 2891 867 2943 ist

115 2961 185 3009 emim
196 2959 305 3024 flagitio
317 2958 469 3008 Democriti
479 2959 535 3008 ciue
546 2960 627 3008 etiam
715 2963 753 3012 15.
772 2958 948 3023 confundere,
962 2951 1067 3012 ‘heides
1084 2960 1194 3012 vereini-

114 3031 176 3077 onte
208 3027 351 3092 Leucippi,
383 3041 436 3076 cccc
467 3028 626 3092 corpusculo
678 3018 745 3093 gen'.
765 3026 800 3080 So
808 3027 840 3079 de
849 3025 925 3080 fluv.
934 3030 974 3093 23,
982 3029 1193 3081 61εαααίνναίίο

114 3095 244 3160 quaedum
260 3093 329 3144 levio
347 3094 437 3158 (λεῖα),
455 3093 511 3144 ulia
522 3109 627 3160 aspero,
678 3093 853 3161 confusioque
865 3099 1007 3156 virtutum
1021 3095 1053 3147 de
1062 3109 1098 3149 or.
1113 3095 1194 3160 1141,

112 3163 232 3214 rotundo
249 3161 320 3226 olio,
338 3163 444 3227 purtim
468 3166 557 3212 autem
580 3178 627 3213 ou·
681 3167 741 3224 ll'l;
760 3162 792 3216 de
810 3161 853 3216 off.
873 3163 889 3215 1.
910 3166 951 3229 21,
963 3166 1007 3224 95;
1026 3163 1147 3228 11310.

109 3229 215 3295 gulata,
234 3231 342 3281 demoto
360 3229 490 3295 quaedem
507 3235 534 3281 et
550 3233 629 3296 quasi
712 3235 849 3282 ut-ucu
862 3222 943 3283 ‘ohne
961 3223 1033 3284 dals'.

113 3297 237 3348 adunco:
266 3314 302 3349 ccc
333 3299 375 3348 hic
405 3298 528 3361 effectum
559 3315 627 3349 ecce
714 3301 754 3352 16.
789 3314 902 3364 memus
924 3290 1110 3365 ‘verhaudeln’,
1137 3299 1193 3352 also

113 3365 216 3418 caelum
243 3370 322 3431 atquc
349 3371 461 3429 terram,
485 3366 562 3417 nulla
584 3382 627 3418 co-
674 3357 861 3419 ‘vornehmen’.

109 3439 190 3500 gente
222 3437 336 3498 cetura,
366 3433 431 3484 scd
457 3450 627 3485 concursu
714 3437 796 3487 l'hsi
816 3435 924 3486 videtur
946 3434 1001 3487 hier
1024 3434 1127 3500 (wiell,
1149 3439 1191 3497 17;
1223 3475 1228 3481 -

112 3503 252 3568 quodum
275 3501 436 3563 fortuito.
470 3501 546 3554 Diese
564 3501 626 3554 letz-
678 3505 719 3565 32,
736 3506 780 3555 tt:
799 3508 830 3553 ut
846 3503 961 3567 uidetur)
980 3504 1055 3567 ohne,
1072 3503 1113 3555 oft
1130 3503 1192 3556 eber

112 3574 155 3623 ten
181 3569 272 3624 Worte
300 3568 431 3623 entheltcn
459 3570 523 3621 auch
550 3571 624 3622 einen
678 3571 743 3622 auch
760 3569 808 3622 mit
821 3573 878 3635 titi,
894 3570 1007 3622 welches
1018 3569 1136 3637 dcgegen
1149 3571 1192 3624 hei

111 3637 215 3702 lurtum,
239 3638 270 3690 da
295 3638 359 3691 nach
381 3637 426 3690 der
450 3637 530 3690 Lehre
550 3639 626 3703 jener
676 3641 701 3688 ei
716 3639 805 3705 placet
821 3637 868 3702 (lll.
881 3640 905 3703 6,
920 3641 963 3699 13;
977 3636 1008 3690 V.
1021 3640 1063 3702 31,
1076 3641 1120 3704 88)
1138 3639 1191 3691 und

112 3703 287 3771 Philosophen
305 3706 345 3758 die
363 3705 483 3758 Schwere
502 3705 547 3758 der
563 3706 626 3758 Ato·
675 3708 730 3757 uici
746 3708 884 3758 molestum
896 3711 935 3757 cst
951 3705 978 3772 (l.
994 3707 1032 3772 12,
1045 3706 1089 3773 26)
1101 3707 1192 3760 immet

112 3787 166 3839 ine,
190 3772 261 3824 nicht
285 3771 330 3825 der
347 3773 429 3825 zulall
454 3772 495 3826 die
512 3772 624 3826 Ursache
677 3773 854 3840 weggclassen
871 3773 945 3828 wind.

110 3841 180 3894 ihres
189 3840 436 3893 Zusammenstolses
449 3855 570 3907 genesen
582 3842 623 3894 ist
713 3844 752 3894 19.
769 3842 873 3907 idputo
886 3858 941 3893 csse
953 3841 1124 3895 commodius.
1134 3841 1192 3894 Wir
