2550 4410
118 156 178 214 144
485 152 579 207 LlBEll
595 152 624 206 ll.
641 151 684 217 27,
700 154 812 205 no-bt.

116 328 238 390 virilitor
254 346 314 388 non
331 335 455 407 queunt.
485 325 588 386 Graeci
605 333 703 387 autem
717 324 871 399 homines,
893 342 960 385 oon
979 321 1060 387 satio
1073 320 1195 395 animos',

118 413 298 495 prudentes,
321 422 354 473 ut
369 419 414 472 est
429 420 533 491 eaptus
547 410 717 483 bominum,
742 409 828 485 satis,
848 409 971 470 boetem
990 408 1133 489 aspicere
1145 424 1195 469 non

117 506 259 580 possunt;
274 496 369 558 eidem
382 496 504 557 morbos
515 495 678 557 toleranter
691 502 780 573 atque
790 495 925 555 humane
936 494 1059 555 lerunt.
1082 494 1122 553 nt
1131 490 1196 555 (lin-

118 584 163 644 bri
179 593 209 644 et
222 582 359 643 Celtiberi
375 581 405 641 in
422 581 544 660 proeliis
559 580 716 653 exsultant,
731 579 937 641 lamentantur
950 578 987 639 in
1005 576 1129 653 morbo.
1155 576 1196 637 lir-

117 668 158 730 bil
173 669 253 729 enim
268 675 366 746 potest
381 685 446 728 esse
460 664 632 745 aequabile,
657 666 736 744 quod
759 682 820 726 non
836 682 853 724 a
868 672 953 725 certa
977 664 1105 725 ratione
1119 660 1218 743 prol-t

119 754 254 814 ciscatnr.

68 849 98 901 to
205 837 261 898 Sed
278 854 345 898 cum
361 836 457 897 rideas
473 855 540 909 eos,
564 836 614 915 qui
630 843 681 897 aut
695 834 793 897 studio
807 840 859 894 aut
873 833 1029 913 opinione
1051 832 1196 905 ducantur,

120 923 150 983 iu
167 941 202 983 eo
218 920 425 1001 persequendo
448 929 537 999 atque
551 920 741 1001 adipiscendo
756 917 859 980 dolore
874 936 937 979 non
954 918 1080 999 frangi,
1101 916 1197 979 debeat

119 1007 284 1067 existimare
299 1014 350 1066 aut
366 1024 426 1066 non
443 1025 507 1067 csse
522 1005 631 1066 malum
647 1005 781 1065 dolorem
794 1013 860 1077 aut,
881 1002 972 1064 etlam
997 1003 1043 1079 si,
1067 1000 1197 1082 quicquid

118 1109 255 1169 asperum
277 1091 466 1169 alienumque
495 1100 600 1151 natura
627 1089 680 1165 sit,
709 1089 740 1150 id
767 1086 908 1168 appellari
935 1087 1062 1169 placeat
1089 1086 1198 1159 malm

119 1175 265 1237 tantulum
287 1184 385 1236 tamen
408 1194 489 1250 esse,
516 1186 549 1236 ut
572 1194 587 1235 a
613 1175 720 1235 virtute
744 1174 783 1235 ita
810 1172 970 1247 obruatur,
1001 1182 1198 1251 utnusquam

119 1271 267 1341 appareat.
305 1260 387 1331 Quae
407 1261 563 1335 meditare,
586 1278 712 1339 quaeso,
741 1258 804 1320 dies
824 1264 854 1318 et
874 1258 990 1335 noctis;
1015 1257 1109 1320 latius
1129 1256 1199 1317 enin

119 1346 250 1407 manabit
265 1346 338 1406 baec
360 1345 436 1406 ratio
459 1354 488 1406 et
509 1346 661 1423 aliquanto
683 1344 823 1405 maiorem
847 1341 947 1403 locum
968 1360 1067 1422 quam
1088 1343 1127 1403 de
1146 1358 1199 1401 uno
1234 1372 1236 1381 ·

120 1431 221 1492 dolore
236 1431 401 1510 occupabit.
427 1431 500 1491 Nam
512 1430 537 1492 si
548 1430 646 1490 omnia
658 1429 815 1508 fugiendae
825 1426 1026 1507 turpitudinis
1038 1426 1198 1507 adipiscen-

120 1517 233 1594 daeque
253 1515 415 1576 honestatis
437 1534 523 1576 cansa
547 1515 705 1588 faciemus,
729 1533 790 1575 non
812 1512 901 1573 modo
921 1512 1068 1575 stimulos
1088 1510 1232 1583 doloris!

121 1600 172 1661 sed
189 1600 274 1661 etiam
291 1601 412 1662 fulmina
428 1602 566 1661 fortunae
581 1609 807 1660 contemnamus
817 1596 928 1673 licebit,
944 1597 1131 1678 praesertim
1142 1610 1201 1657 cun
1234 1606 1236 1625 ¹

70 1700 98 1749 ot
120 1694 254 1764 paratum
270 1685 308 1746 sit
322 1686 393 1747 illud
410 1704 446 1746 ex
466 1684 604 1746 hesterna
627 1684 827 1763 disputatione
849 1682 1036 1763 perfugium.
1068 1682 1110 1744 Ut
1130 1680 1200 1743 enim
1234 1738 1236 1771 =

120 1770 143 1831 si
167 1771 214 1832 eui
235 1770 397 1850 naviganti,
426 1771 592 1850 praedones
613 1770 636 1831 si
658 1770 870 1848 insequantur,
900 1766 975 1828 deus
1003 1767 1061 1847 qni
1085 1766 1200 1828 dixerit:

156 1925 178 1975 1.
194 1926 301 1986 querant,
318 1921 367 1972 last
390 1936 437 1971 nur
454 1921 480 1971 in
500 1921 635 1986 negativen
723 1920 824 1971 Cimbri
846 1916 1028 1969 recalcitare.
1065 1914 1124 1969 Val.
1141 1912 1201 1967 llas

122 1987 214 2040 Satzen
228 1987 376 2054 gebraucbt,
391 1989 441 2038 wie
459 1988 523 2039 auch
539 1989 571 2039 de
581 2003 635 2053 rep.
687 1986 716 2041 ll.
735 1990 759 2051 6,
779 1989 824 2040 11:
846 1984 956 2037 Alacrir
977 1988 1006 2035 at
1029 1982 1118 2045 fortia
1142 1982 1201 2035 02⁸!-

120 2054 148 2107 ll.
164 2057 188 2118 3,
204 2057 232 2106 b:
248 2057 401 2105 maritimus
416 2071 478 2105 vcro
493 2055 539 2104 ille
554 2058 636 2106 boetia
686 2057 796 2107 brorum
826 2058 854 2104 ct
881 2052 1083 2105 Celtiberorum
1107 2048 1201 2118 (phild-

121 2126 184 2171 ante
197 2121 287 2171 adesse
292 2127 388 2186 potest,
404 2138 483 2186 quam
495 2125 634 2188 quisquam
686 2124 800 2190 sophia),
817 2123 865 2188 qui
879 2123 910 2171 in
921 2123 982 2171 acic
990 2120 1104 2185 gaudio
1120 2116 1202 2171 asul-

121 2193 263 2239 oenturum
275 2206 329 2238 erse
340 2192 568 2255 suspicariqucot.
581 2191 634 2243 dus
687 2193 792 2256 tabani,
810 2194 945 2256 tamquam
960 2188 1090 2253 gloriose
1106 2192 1135 2239 al
1148 2184 1202 2249 sall

121 2256 208 2308 diesen
223 2255 317 2308 beiden
331 2256 427 2309 Stellen
442 2259 477 2310 ist
491 2257 635 2311 derlluler·
687 2260 755 2309 citer
774 2261 829 2309 ulta
847 2259 1000 2319 occasuri,-
1019 2256 1201 2309 mmmm·

122 2323 208 2376 scbied
233 2340 283 2394 ron
297 2341 407 2390 possum
424 2320 502 2389 (advo
525 2330 562 2391 αι)
580 2327 633 2378 und
685 2330 731 2377 tur
753 2329 783 2376 in
805 2326 913 2390 morbo,
937 2325 1020 2389 quasa·
1042 2326 1200 2392 turpltarrl

122 2409 189 2459 queo
206 2387 280 2457 (οἰός
298 2385 328 2449 τ’
341 2391 415 2462 εἰμί),
433 2395 477 2446 der
514 2395 574 2448 ureb
592 2395 634 2446 die
684 2393 1011 2457 mirarabiliter-parituri.
1037 2392 1098 2447 Deo
1110 2395 1200 2449 letzur

122 2461 271 2527 objelrtiven
300 2461 477 2515 Verbdltnisse
513 2463 564 2514 und
589 2462 635 2515 der
686 2460 773 2514 Punkl
789 2460 850 2512 laist
867 2460 918 2512 Cic.
936 2457 1032 2512 andero
1050 2462 1105 2516 aul.

122 2530 201 2582 durch
224 2530 265 2582 die
283 2530 364 2583 Natur
386 2532 431 2584 des
450 2531 574 2596 sobjekts
591 2531 635 2582 be·
721 2532 745 2581 5.
769 2545 785 2579 a
809 2532 881 2579 certa
904 2530 1013 2579 rationo
1032 2521 1102 2583 ‘von
1123 2530 1201 2583 scala

123 2598 227 2663 dingten
245 2597 421 2665 llldglicblteit,
440 2599 594 2652 ersicbtllch.
687 2587 884 2649 Grundsalaeu’.

159 2666 254 2716 Graeci
269 2669 398 2717 domines:
418 2666 462 2717 der
477 2668 569 2719 Zosatz
583 2682 636 2719 von
722 2667 746 2718 8.
764 2667 794 2714 in
807 2680 847 2728 eo,
865 2679 900 2715 sc.
910 2665 955 2714 cui
967 2664 1083 2717 nudent
1093 2672 1122 2718 at
1135 2664 1203 2733 quod

124 2735 201 2782 borno
228 2748 260 2783 zu
284 2735 366 2784 ciuem
390 2733 577 2787 lekernameu
601 2736 636 2786 ist
687 2735 783 2783 bonum
811 2734 967 2798 opinantur.
1008 2730 1063 2785 llas
1086 2732 1201 2801 folgendc

124 2799 188 2850 auch
210 2799 245 2848 im
268 2798 336 2850 Plur.
359 2801 535 2868 regelmalslg,
559 2817 635 2854 wenn
688 2802 781 2852 debeas
797 2800 832 2852 ist
848 2799 984 2864 polential.
1079 2836 1088 2847 .

124 2866 169 2917 der
193 2865 333 2917 Charakter
358 2869 429 2920 eines
457 2869 554 2922 Volkes
580 2870 636 2921 her·
723 2872 763 2922 11.
783 2868 928 2918 uetulum:
946 2867 1014 2920 nach
1031 2867 1082 2921 der
1099 2868 1202 2923 noddo

124 2933 289 3000 vorgeboben
307 2934 410 2987 werden
429 2935 487 2988 soll.
687 2937 732 2989 der
753 2934 956 3001 Peripatetiker;
981 2937 1133 3003 obruam,
1155 2938 1202 2989 tric

158 3005 183 3055 2.
202 3007 234 3051 ut
257 3007 296 3052 ert
322 3008 416 3068 ceptus
438 3007 575 3055 bominum
589 3001 635 3056 ‘im
689 3008 730 3071 13,
748 3006 781 3055 32
797 3004 913 3069 sepeliri.

125 3069 271 3121 Verballuis
289 3086 321 3122 zu
335 3071 403 3123 ibrer
415 3065 636 3140 Fassungskralt',
725 3074 764 3125 12.
783 3073 865 3123 latius
880 3073 1016 3136 manabit,
1034 3073 1091 3125 wie
1107 3073 1147 3129 lll.
1164 3074 1202 3139 31,

125 3136 252 3188 natfirlicb
265 3137 290 3188 in
301 3139 537 3192 beschrirnllendem
548 3140 635 3206 Sinne,
688 3144 732 3194 75:
751 3155 863 3191 manare
880 3140 996 3204 longine.

115 3205 156 3264 ‚da
176 3203 299 3269 dieselbe,
317 3206 368 3258 wie
386 3207 574 3273 alsallgemein
591 3210 635 3261 be·
723 3211 764 3261 16.
779 3210 939 3273 praere-tm
960 3222 1022 3258 cum
1039 3212 1094 3262 cet.
1127 3208 1164 3261 lm
1180 3212 1201 3260 l.

1 3277 2 3286 ¹
125 3273 206 3325 kannt
227 3288 413 3339 angenommen
431 3275 509 3342 wird,
532 3293 580 3329 nur
597 3277 637 3329 lior
688 3277 775 3328 Bucbe
793 3290 848 3327 war
860 3289 911 3327 von
924 3274 968 3327 der
979 3273 1201 3343 Veracbtungdca

125 3341 312 3394 wissenscbalt
325 3343 378 3395 und
391 3343 475 3397 llnnst
489 3344 636 3396 vorbanden
689 3343 774 3396 'ledea
791 3343 832 3395 die
846 3343 924 3407 Rede,
942 3342 992 3395 den
1010 3343 1068 3396 sich
1083 3345 1201 3398 selbstm

126 3411 168 3477 ist,
182 3410 303 3463 wilhrend
318 3410 335 3463 l.
352 3415 432 3477 8,15:
448 3417 480 3463 ut
494 3412 581 3465 Siculi
596 3412 637 3464 die
689 3413 772 3479 geben
791 3412 855 3463 nach
877 3410 1009 3464 stoiscben
1027 3409 1201 3465 Grundetilact

126 3477 238 3530 Parlillel
256 3483 288 3528 ut
300 3480 485 3533 motivierende
499 3479 571 3532 Kralt
584 3481 637 3532 bat.
688 3479 928 3532 unterllmslinden
939 3482 1065 3545 gcalatlet
1074 3478 1203 3547 warNgl.

160 3548 184 3597 3.
203 3549 318 3597 lemane
334 3540 397 3600 ‘wie
415 3564 443 3601 es
462 3549 517 3601 sich
532 3549 572 3600 lfir
590 3547 638 3600 den
690 3548 707 3601 l.
726 3550 768 3611 19,
787 3550 838 3600 118
855 3565 880 3600 u.
900 3549 957 3601 119.

125 3607 379 3680 blenscbenaiemt’,
394 3615 474 3668 daher
488 3617 543 3668 bier
556 3617 639 3668 soviel
726 3618 767 3668 18.
797 3616 949 3683 praedones
970 3618 997 3666 aa·
1017 3617 1201 3683 insequantur.

128 3670 402 3749 wie‘mitllrgebung'.
424 3683 593 3737 Sol'er.Adel
614 3685 638 3738 b.
690 3684 726 3736 Zu
750 3683 807 3735 dem
829 3683 969 3751 doppelten
985 3686 1012 3734 sc·
1028 3683 1083 3749 vgl.
1096 3684 1131 3737 ad
1148 3685 1202 3737 lam.

127 3744 235 3809 1.2‚65:
250 3750 299 3799 vix
311 3753 426 3801 bumana
438 3754 552 3818 patitur.
603 3751 638 3818 gl.
689 3752 708 3804 l.
720 3754 745 3817 9,
762 3754 806 3805 30:
824 3755 850 3801 ei
865 3751 1013 3803 cremandi
1027 3757 1103 3819 eunt,
1120 3756 1147 3805 ri
1161 3754 1204 3820 μί

128 3810 166 3865 lll.
181 3813 221 3874 16,
231 3814 275 3864 34:
294 3819 412 3869 bumana
427 3821 542 3871 bumana
555 3819 637 3881 farre.
686 3821 895 3886 pertimuerunt,
912 3822 1002 3885 magia
1018 3821 1103 3871 clim
1119 3837 1203 3889 repn-
