2550 4410
157 133 216 193 112
548 129 643 183 unua
659 130 687 183 11.
706 132 730 194 1,
750 134 789 185 12.
807 135 832 184 5.

156 313 285 384 inventa,
301 308 456 387 disputata,
472 307 641 387 conscripta
657 301 749 367 sunti
765 303 881 374 Quotus
896 304 979 365 enim
995 304 1132 384 quisque
1145 304 1222 387 pbilo-

157 395 318 474 sophorum
334 392 498 465 invonitur,
523 392 573 471 qui
588 392 626 453 sit
641 390 679 451 ita
695 397 840 463 moratus,
865 389 905 450 ita
920 389 1027 453 animo
1043 408 1081 451 ae
1096 391 1155 453 rita
1167 409 1223 453 con·

157 481 292 554 stitutus,
318 486 351 539 ut
366 478 439 539 ratio
455 474 606 557 postulati
633 475 685 555 qui
705 473 890 554 disciplinam
910 493 997 537 suem
1020 486 1088 539 non
1111 484 1223 539 ostenta·

159 566 270 628 tionem
293 563 449 636 scientiae,
472 561 523 623 sed
544 562 638 639 legem
661 560 735 621 vitae
755 557 860 638 putet‘l
891 560 942 638 qui
967 559 1165 641 obtemperet
1176 561 1223 641 ipe

108 657 137 708 12
159 651 215 712 sibi
237 660 266 712 et
287 649 414 710 decretis
436 648 497 709 suis
517 644 642 725 pareat‘l
672 644 778 706 Videre
798 643 867 706 licet
881 645 954 707 alios
976 653 1066 707 tanta
1081 646 1242 709 levitatectl

156 736 323 808 iactatione,
346 742 379 795 ut
393 733 428 794 iis
442 733 533 794 luerit
554 751 615 794 non
631 730 766 793 didicisse
789 729 910 806 melius3
931 730 1006 793 alios
1021 732 1174 811 pecuniae
1186 750 1226 793 ou·

157 822 250 900 pidos,
266 818 377 898 gloriae
387 837 449 879 non
465 818 571 890 nullos,
587 816 695 878 multos
707 814 862 876 libidinum
873 833 984 890 servos,
999 824 1038 877 ut
1053 835 1128 879 cum
1139 834 1226 879 corun

156 907 213 967 rita
236 902 411 979 mirabiliter
431 911 545 982 pugnet
566 902 678 976 oratio;
708 899 788 978 quod
811 900 928 979 quidem
950 899 1025 961 mibi
1043 902 1227 965 videturesse

159 989 370 1068 turpissimum.
406 987 445 1047 Ut
465 988 543 1048 enim
571 988 595 1049 si
616 985 839 1067 grammaticum
860 1004 892 1047 se
913 985 1075 1064 professus
1095 987 1226 1068 quispim

158 1074 282 1135 barbare
298 1073 437 1151 loquatur
451 1082 502 1133 aut
513 1072 537 1134 si
552 1071 678 1134 absurde
693 1077 780 1132 canat
794 1069 834 1144 is,
850 1070 947 1148 quise
963 1070 1080 1141 baberi,
1091 1073 1162 1135 velit
1175 1072 1251 1133 mul

159 1159 267 1229 sicum,
282 1158 340 1219 hoc
359 1158 474 1237 turpior
489 1157 543 1229 sit,
567 1157 647 1236 quod
663 1157 693 1218 in
710 1174 745 1216 eo
761 1155 825 1234 ipso
841 1163 959 1234 peccet,
975 1154 1069 1219 ouius
1083 1158 1228 1238 profitetur

159 1242 322 1315 scientiam,
343 1243 386 1303 sic
408 1243 602 1322 philosophus
626 1243 656 1303 in
680 1240 754 1301 vitae
769 1240 885 1301 ratione
900 1258 1032 1319 peccans
1047 1242 1110 1305 hoc
1125 1241 1228 1322 turpior

160 1336 219 1402 est,
243 1329 321 1407 quod
336 1327 367 1387 in
385 1328 498 1401 officio,
521 1328 605 1388 cuius
621 1327 760 1406 magister
781 1344 846 1386 esse
860 1325 934 1400 volt,
955 1324 1073 1387 labitur
1087 1336 1227 1405 artemque

159 1414 235 1474 vitae
250 1413 402 1492 professus
417 1412 561 1490 delinquit
575 1412 605 1473 in
621 1411 687 1472 vita.

120 1499 142 1554 5
244 1497 277 1558 Α.
292 1498 399 1558 Nonne
413 1499 573 1559 verendum
589 1506 633 1558 est
648 1496 748 1576 igitur,
764 1495 788 1557 si
804 1503 849 1556 est
862 1494 911 1568 ita,
933 1500 966 1554 ut
981 1493 1070 1571 dieis,
1090 1516 1130 1559 ne
1145 1496 1253 1578 pbilel

159 1583 291 1663 sophiam
312 1583 381 1644 salso
403 1583 496 1662 gloria
520 1579 666 1643 exornes?
697 1581 783 1652 Quod
805 1587 850 1640 est
870 1579 948 1639 enim
964 1578 1063 1642 maius
1078 1600 1227 1662 argumen-

159 1676 222 1729 turn
243 1669 317 1729 nihil
338 1686 401 1729 earn
424 1669 581 1748 prodesse,
604 1686 691 1746 quam
712 1665 854 1745 quosdam
876 1664 1026 1743 periectos
1040 1666 1228 1746 philosophos

195 1841 217 1890 1.
245 1837 347 1901 Quotus
380 1838 491 1953 puicpue
520 1834 670 1888 bezeichnel
722 1833 840 1900 quidam,
858 1838 889 1885 ut
905 1847 998 1884 aarum
1019 1835 1078 1885 eila
1096 1833 1228 1896 refelletur

161 1908 224 1958 stels
239 1905 296 1957 eine
313 1903 418 1969 geringe
454 1902 505 1967 ahl,
522 1902 575 1968 rgl.
590 1903 620 1955 de
634 1918 669 1955 or.
722 1902 818 1956 oratio.
1028 1954 1032 1959 ,

159 1973 196 2025 lll.
216 1977 257 2035 50,
272 1974 333 2024 196:
353 1970 455 2033 Quotus
473 1971 543 2020 enim
562 1973 672 2037 quicque
756 1971 781 2024 9.
812 1969 1023 2034 grammaticum
1042 1984 1074 2019 ce
1093 1966 1228 2036 professus.

159 2045 207 2104 est,
224 2042 271 2105 qui
289 2042 379 2088 teneat
394 2042 480 2088 urtam
498 2052 671 2089 numerorum
722 2036 804 2088 Wenn
821 2036 948 2102 profiteri
959 2035 1000 2088 die
1013 2035 1171 2103 Bedeutung
1182 2037 1228 2088 bat:

160 2123 192 2158 ac
209 2107 367 2157 modorum?
723 2105 777 2156 sich
791 2104 830 2155 ale
840 2103 969 2157 Vertreter
983 2104 1056 2157 einee
1069 2103 1164 2157 Beroia
1178 2103 1229 2158 oder

195 2176 219 2225 2.
238 2175 406 2225 constitutur.
442 2170 594 2238 vgl.o,17:
614 2190 671 2225 core
723 2171 953 2238 Wissenszweipes
981 2170 1152 2240 ankdndigen
1178 2171 1228 2225 oder

156 2257 210 2307 pus
222 2242 479 2301 commasticatum
492 2240 558 2292 Lael.
575 2243 615 2305 13,
625 2245 672 2295 47:
724 2240 867 2306 ausgeben,
892 2254 921 2292 so
940 2239 1017 2292 beilst
1033 2255 1064 2292 es
1082 2240 1110 2293 in
1127 2239 1174 2294 der
1189 2239 1228 2292 ue

161 2311 247 2360 animi
261 2311 324 2360 uene
338 2312 488 2369 constitute}
507 2324 532 2375 p.
547 2308 615 2361 Sest.
631 2312 672 2374 65,
724 2308 775 2375 gel,
793 2308 844 2360 wie
857 2309 919 2373 bier,
937 2324 965 2359 ee
975 2308 1109 2373 profiteri
1125 2310 1229 2376 aliquan

164 2379 673 2430 1371111111ὸοηεαπαίιιναοοηείίιιιιίε.
725 2377 792 2428 ohne
814 2393 880 2437 aase3
903 2375 1000 2442 jedocb
1022 2375 1078 2443 vgl.
1102 2377 1121 2432 1.
1145 2381 1170 2443 9,
1192 2379 1228 2435 11;

196 2449 219 2498 1.
230 2449 286 2513 ipse
298 2448 359 2498 cidi.
388 2444 673 2499 Wibrendanchsonst
724 2460 750 2511 p.
768 2442 833 2497 blur.
853 2446 894 2508 13,
912 2447 958 2497 28:
982 2444 1075 2496 triduo
1100 2461 1143 2497 me
1159 2447 1229 2497 iuris·

162 2513 248 2582 hiufig
265 2518 321 2583 ipse
339 2514 381 2567 bei
393 2514 449 2567 dem
464 2513 539 2567 Pron.
555 2528 622 2580 pers.
637 2514 672 2564 im
725 2513 875 2564 consultam
902 2528 956 2563 esse
974 2511 1136 2578 profitebor.
1174 2512 1229 2565 lien

161 2582 235 2636 Noni.
248 2585 325 2650 steht,
343 2583 458 2635 obschon
473 2583 517 2635 der
529 2582 672 2649 Gegensatz
725 2580 813 2633 selben
826 2579 889 2632 Sion
901 2581 947 2632 bat
957 2578 1002 2632 der
1010 2580 1107 2634 Ausdr.
1111 2580 1231 2648 profiteri

161 2652 236 2704 einen
254 2652 364 2704 anderen
383 2651 440 2702 Cas.
458 2656 583 2703 erwarten
601 2650 671 2713 laissi,
723 2653 809 2701 artem
827 2649 953 2714 aliquam.

162 2717 242 2770 findet
259 2719 313 2770 dies
336 2719 426 2769 immor
449 2721 524 2783 stati,
549 2733 625 2770 wenn
644 2731 672 2769 es
760 2720 798 2769 10.
823 2717 937 2768 absurde
960 2716 1013 2768 hier
1038 2715 1063 2769 in
1090 2717 1177 2771 aeiner
1198 2730 1230 2770 ur·
1263 2756 1265 2767 .

162 2786 219 2838 dem
232 2783 308 2836 Pron.
323 2800 389 2851 pers.
405 2787 555 2851 vorangeht.
583 2785 672 2852 Vgtz.
723 2784 904 2850 sprunglielreu
922 2783 1076 2850 Bedeutung
1090 2777 1231 2838 ζ1111111111
1263 2808 1265 2817 ·

161 2853 179 2904 l.
195 2854 236 2916 30,
252 2851 505 2916 denaturare:
523 2859 553 2905 ut
569 2857 628 2921 ipsu
646 2869 673 2905 se
723 2848 818 2918 niscb’,
837 2851 931 2905 wlede
944 2851 1167 2917 uirtutium:
1185 2866 1230 2903 uoe
1262 2832 1265 2911 l

161 2936 233 2971 meac
251 2921 406 2985 adgnoscat.
723 2922 823 2972 absona
841 2925 866 2971 et
884 2921 1009 2972 abmrda.

197 2993 219 3042 5.
230 2988 343 3040 decretis
350 2990 415 3050 11111,
429 2988 523 3053 griech.
534 2982 672 3059 δόγματα.
758 2993 805 3055 qui
819 3017 856 3026 -
873 2989 937 3040 uelit
961 2993 1022 3055 cet,
1051 2986 1231 3053 Konjunktivs,

161 3056 264 3109 Ebenso
280 3059 304 3119 6,
322 3058 353 3109 16
371 3057 512 3108 decernere
525 3072 576 3109 von
588 3056 676 3111 Pbilo-
725 3057 784 3109 weil
798 3056 843 3109 der
855 3071 936 3124 ganne
948 3055 1008 3109 Sata
1021 3055 1103 3108 durch
1116 3055 1158 3108 die
1170 3055 1231 3107 blois

163 3125 274 3191 sophon:
289 3117 340 3176 ‘als
355 3124 496 3177 Grundsata
509 3117 675 3178 annehmen'.
724 3125 850 3191 gedachte
868 3124 1020 3192 Bedinpung
1040 3123 1150 3190 geleitet
1167 3121 1230 3175 wird

163 3191 283 3258 Dagegen
295 3191 446 3245 bezeichnet
455 3199 598 3261 praecepta
611 3193 675 3246 Vor·
723 3193 807 3246 Daber
824 3196 945 3246 erwartet
961 3207 1019 3244 man
1032 3191 1100 3245 euch
1108 3192 1231 3259 profitea-

163 3259 284 3312 sebriiten
306 3261 370 3313 iiber
387 3260 502 3314 einzelne
521 3261 634 3324 Punkte;
653 3277 673 3314 s.
724 3266 771 3312 tur
788 3265 851 3313 statt
864 3260 1021 3326 proeliatum·
1036 3259 1135 3325 Jedocb
1153 3257 1230 3327 vell

162 3327 222 3382 Seu.
242 3343 281 3396 ep.
301 3333 342 3394 95,
363 3333 400 3384 12.
725 3332 766 3394 25,
786 3331 830 3382 61:
849 3345 917 3396 quae
933 3331 1113 3381 meminimus.

196 3400 220 3451 6.
237 3402 269 3449 ut
287 3400 322 3450 iis
333 3397 420 3459 fuerit
435 3399 543 3451 melius:
557 3391 627 3450 ‘dass
645 3413 673 3450 ee
761 3399 800 3451 12.
817 3399 847 3448 ia
864 3400 1055 3450 visceratione
1067 3389 1108 3449 ‘in
1121 3396 1167 3450 der
1183 3409 1232 3448 ver·

160 3466 203 3518 tur
219 3466 257 3519 sie
270 3467 357 3520 besser
370 3481 490 3534 genesen
503 3458 594 3520 wire'.
623 3466 674 3519 Der
724 3464 932 3532 nunitgemilsen
965 3465 1120 3533 Gesteltuug
1156 3465 1232 3519 cerne

163 3535 234 3600 GonJ.
248 3534 324 3600 Peri,
336 3535 397 3588 weil
412 3550 470 3588 man
483 3535 522 3587 ale
533 3533 673 3602 Hauptsata
723 3524 843 3586 lebens'.

163 3606 231 3668 sagt:
249 3604 343 3655 mellae
359 3606 394 3655 a‘c'e
410 3602 472 3664 fuit.
494 3602 553 3669 Vgi
565 3619 587 3656 z.
600 3604 618 3655 l.
632 3605 673 3666 21,
760 3604 798 3654 14.
811 3604 841 3652 e'n
856 3605 911 3653 cita
926 3616 966 3654 arn
977 3599 1232 3654 ScbluisdesSataee

164 3671 210 3721 84:
229 3670 362 3723 credituri
379 3670 500 3732 fueruat.
724 3671 771 3721 mit
789 3669 955 3722 Nacbdrucls:
970 3661 1077 3736 ‘genade
1095 3669 1124 3721 in
1137 3669 1233 3724 derbe·

197 3738 220 3788 8.
235 3745 340 3802 pugnet
356 3742 453 3792 oratio.
485 3738 512 3791 ln
525 3738 672 3793 demselben
723 3730 889 3791 bensweise'.

159 3801 242 3855 Sinne
259 3802 290 3856 de
304 3805 348 3859 tin.
360 3807 388 3860 ll.
401 3811 442 3873 25,
455 3810 500 3861 et:
518 3808 559 3859 lta
577 3811 673 3859 eiectat
760 3810 799 3858 17.
826 3807 898 3858 nibil
919 3822 976 3857 cum
993 3805 1120 3872 prodesse
1139 3805 1235 3862 vertritt
