2550 4410
120 188 159 247 30
518 187 611 240 uere
628 189 645 241 1.
665 193 688 254 s,
706 193 730 241 o.
750 193 789 242 10.

121 371 240 424 nostrae
253 363 446 443 explicentur,
462 362 504 424 sic
517 381 565 424 eas
578 381 733 442 exponam,
750 362 831 440 quasi
843 371 947 442 agatur
963 381 1020 440 res,
1033 383 1096 425 non
1112 367 1189 444 quasi

121 456 268 508 narretur.
298 447 377 526 Ergo
393 448 430 508 ita
448 455 587 510 nascetur
604 448 766 508 exordium.

85 537 103 591 t>
206 532 238 592 A.
261 532 368 594 Malum
391 533 462 593 mihi
483 533 599 593 videtur
620 552 684 594 esse
703 550 792 593 mors.
828 530 870 592 M.
892 533 986 608 lisne,
1010 534 1061 612 qui
1082 535 1188 597 mortui

85 626 100 674 9
119 627 197 692 sunt,
219 637 256 678 an
278 618 322 691 iis,
347 617 454 697 quibus
475 617 661 679 moriendum
683 615 749 679 cst‘l
778 617 811 677 A.
827 616 973 696 Utrisque.
1001 617 1042 678 M.
1059 617 1115 681 Est
1138 620 1188 680 mi·

119 722 218 764 serum
234 703 496 783 igitur,quoniam
512 703 630 762 malum.
661 702 694 763 A.
711 701 806 763 Certe.
837 701 877 761 M.
893 702 972 782 Ergo
989 711 1017 764 et
1033 703 1217 783 ii,quibust

119 789 216 850 evenit
231 788 286 848 iam
302 797 336 848 ut
351 795 554 861 morerentur,
578 795 607 847 et
622 787 651 861 ii,
668 787 776 866 quibus
798 795 973 848 eventurum
995 796 1056 863 est,
1079 790 1187 851 miseri.

117 873 150 934 A.
173 873 244 933 Mihi
273 872 311 932 ita
337 871 461 932 ridetur.
498 871 539 931 M.
561 871 653 932 Nemo
682 890 753 951 ergo
783 891 843 933 non
874 873 972 934 miser.
1008 872 1041 934 A.
1064 873 1188 936 Prorsus

119 976 216 1019 nemo.
248 955 289 1017 M.
311 956 349 1017 Et
364 957 499 1035 quidem,
523 957 548 1017 si
564 956 617 1017 tibi
633 965 770 1018 constare
784 957 842 1032 vis,
866 976 985 1030 omnes,
1009 958 1188 1038 quicumque

119 1043 179 1103 nati
195 1049 265 1103 sunt
280 1050 419 1115 eruntve,
442 1061 503 1103 non
520 1043 613 1103 solum
634 1042 749 1116 miseri,
771 1042 823 1103 sed
846 1042 932 1102 etiam
948 1060 1066 1122 semper
1081 1043 1187 1105 miseri.

118 1127 189 1187 Nam
206 1127 230 1187 si
246 1126 326 1188 solos
341 1145 392 1187 eos
407 1126 520 1188 diceres
534 1127 673 1201 miseros,
696 1126 804 1205 quibus
819 1127 1006 1188 moriendum
1022 1136 1115 1204 esset,
1139 1145 1188 1189 ne·
1207 1137 1228 1189 tt

118 1212 226 1273 minem
243 1220 275 1271 tu
292 1211 411 1290 quidem
426 1229 539 1286 eorum,
556 1211 606 1290 qui
622 1212 762 1285 viverent,
779 1211 987 1290 exciperes-
1002 1213 1187 1274 moriendum

118 1306 162 1359 est
178 1297 257 1358 enirn
273 1296 411 1356 omnibus
426 1330 477 1371 -,
490 1305 567 1358 esset
580 1303 678 1357 tamen
692 1296 828 1357 miseriae
843 1297 911 1359 linis
922 1297 951 1357 in
965 1307 1077 1380 mortc3
1095 1316 1188 1376 quon·

118 1383 174 1443 iam
203 1390 300 1442 autem
330 1381 416 1442 etiam
439 1381 549 1442 mortui
571 1380 670 1441 miseri
693 1390 778 1455 sunt,
809 1382 838 1441 in
866 1382 1013 1443 miseriam
1042 1383 1204 1444 nascimur·

117 1468 336 1546 sempiternam.
372 1466 499 1527 Necesse
520 1474 565 1526 est
585 1465 663 1526 enim
685 1466 810 1527 miseros
831 1485 895 1528 esse
911 1486 976 1540 eos,
997 1468 1055 1545 -qui
1071 1476 1188 1528 centum

117 1553 234 1613 milibus
249 1569 397 1612 annorum
414 1558 482 1611 ante
499 1551 688 1625 occiderunt,
704 1551 749 1611 vel
765 1551 864 1629 potius
880 1553 991 1627 omnis,
1009 1553 1188 1631 quicumque
1206 1559 1227 1610 tt

67 1637 178 1698 teneti
201 1645 280 1697 sunt.
317 1635 350 1696 A.
373 1635 415 1696 lta
437 1653 560 1715 prorsus
584 1635 727 1697 existimo.
757 1633 799 1695 M.
823 1636 892 1709 Dic,
916 1654 1042 1715 quaeso:
1068 1656 1140 1698 num
1162 1644 1189 1696 te

116 1721 162 1782 illa
178 1729 306 1794 terrent,
324 1720 433 1800 triceps
447 1722 524 1800 apud
540 1721 652 1782 interos
667 1719 831 1793 Cerberus,
849 1721 948 1801 Cocyti
963 1721 1115 1797 fremituS,
1131 1730 1188 1782 tra·

116 1807 211 1867 rectio
227 1805 414 1879 Acherontis,

288 1891 385 1952 Mentd
401 1909 544 1951 summam
560 1893 663 1968 uquam
679 1893 822 1968 atttnqeus
837 1892 947 1951 enectis
961 1893 1012 1951 siti

115 1977 266 2049 Tantalus,
282 1985 345 2036 tum
360 1975 440 2050 illud,
458 1975 536 2052 quod

115 2293 195 2345 bildet
220 2292 316 2345 wurde.
352 2291 424 2344 Deuu
448 2291 489 2344 die
511 2292 556 2345 des
580 2292 627 2344 So·

114 2361 202 2413 kretes
226 2359 335 2413 bestand
353 2360 439 2428 dario,
464 2359 518 2412 deis
539 2377 566 2413 er
583 2377 627 2413 an-

115 2429 193 2482 deren
215 2429 270 2482 ihre
286 2427 408 2495 Meiuung
432 2429 511 2481 durch
529 2428 626 2496 Fragen

114 2515 146 2549 zu
165 2497 301 2551 entloelren
315 2498 405 2550 suchte
423 2497 475 2549 und
493 2497 627 2551 derselheu

115 2566 205 2619 darauf
239 2567 309 2619 seine
341 2566 449 2619 Ansicht
488 2570 629 2633 eulgegen-

114 2636 210 2688 stellte.
243 2633 301 2701 Vgl.
327 2635 377 2687 Cic.
401 2635 433 2687 de
457 2634 500 2687 lio.
523 2634 541 2688 l.
562 2637 626 2701 1‚2.

113 2701 173 2754 Deis
196 2703 221 2752 in
240 2702 289 2753 den
312 2701 488 2766 Tusculanen,
512 2707 627 2755 nument-

113 2771 164 2821 lich
187 2771 222 2820 im
242 2772 265 2822 1.
284 2768 327 2832 B.,
351 2768 399 2820 den
423 2769 544 2834 liugeren
562 2770 626 2822 Vor-

114 2839 203 2902 trigen
217 2834 262 2888 des
274 2834 462 2902 Hauplredners
480 2836 521 2888 ein
534 2836 626 2890 hurzes

114 2903 361 2970 Wechselgesprich
399 2905 626 2969 vorausgeschickt

114 2972 187 3037 wird,
205 2972 315 3024 beweist
334 2972 479 3036 hochsleus‚
501 2972 556 3024 dass
575 2973 624 3026 Cic.

113 3042 167 3094 sich
185 3042 268 3093 seiner
281 3039 495 3106 (ahademischen)
508 3040 626 3100 Quellen-

113 3108 204 3162 schrift
213 3107 360 3175 gegendher
372 3108 443 3160 nicht
454 3107 531 3175 lange
543 3109 568 3160 in
583 3109 627 3161 der

113 3176 267 3230 rersuchten
281 3174 502 3243 Selbslindigkeit
514 3177 626 3244 beheup-

115 3251 157 3298 ten
175 3244 281 3296 konnte.

150 3318 172 3366 1.
182 3317 295 3377 agatur:
306 3312 424 3365 wirlrlich
431 3328 478 3366 vor
484 3314 538 3366 sich
549 3312 625 3380 gehn,

113 3382 164 3434 wie
182 3381 216 3433 im
234 3380 332 3433 Drama.

148 3453 171 3504 2.
190 3454 317 3502 nascetur
333 3451 490 3516 exordium,
511 3465 531 3502 s.
551 3466 581 3502 zu
601 3452 625 3516 2,

114 3524 141 3573 5:
160 3521 360 3570 terminavimus
376 3519 491 3570 modum.

146 3588 170 3639 3.
189 3590 221 3640 A.
236 3588 272 3639 ist
284 3586 495 3640 wahrscheinlich
508 3586 626 3637 Auditor

113 3671 143 3708 zu
156 3655 227 3707 lesen
246 3655 307 3722 (vgl.
321 3655 365 3722 §t
385 3656 417 3706 de
436 3670 487 3720 quo
506 3657 566 3720 quis
577 3670 625 3705 au-

113 3723 172 3774 dire
188 3723 275 3787 vellet,
291 3723 343 3775 und
362 3724 377 3789 ξ
392 3725 406 3776 8
424 3727 448 3773 ie
466 3725 513 3787 qui
529 3722 625 3772 audire

112 3790 199 3854 vellet)
214 3790 265 3842 und
278 3791 312 3842 M.
326 3790 393 3842 daun
405 3790 475 3842 wohl
488 3789 624 3854 Magister.

148 3862 171 3910 l.
200 3861 340 3922 miremm,
367 3861 493 3924 quoniam
517 3857 624 3909 mulum.

691 2058 830 2139 Sisyphus
851 2016 945 2120 versat

281 2141 395 2205 Sacrum
417 2143 526 2204 sudans
547 2144 663 2206 nitendo
686 2163 774 2225 aeque
792 2143 908 2223 proficit
928 2143 1029 2216 hilum,

677 2293 723 2344 Ein
736 2282 801 2344 utel
815 2293 940 2359 (malum),
959 2293 1071 2346 insolern
1091 2309 1119 2346 es
1137 2293 1191 2346 sich

678 2361 736 2413 dem
745 2360 884 2413 Meuschen
897 2360 999 2413 ldhlbar
1007 2362 1102 2426 machi,
1115 2361 1191 2415 hellel

677 2433 813 2491 miserum,
828 2430 867 2481 ein
882 2429 1008 2496 Ungldclr.
1031 2429 1191 2482 Gleiehwohl

678 2498 712 2549 ist
730 2497 850 2549 letzleres
868 2497 937 2549 nicht
956 2498 1051 2550 ebenso
1070 2499 1122 2550 trie
1136 2513 1190 2550 ma·

678 2566 733 2616 lum
749 2565 811 2618 oder
823 2567 920 2617 bonum
937 2566 978 2618 eiu
992 2565 1078 2619 Subst.
1092 2581 1191 2633 gewor-

679 2632 741 2697 den,
762 2633 875 2686 welches
894 2635 934 2686 ein
952 2634 1068 2686 Attrihut
1085 2648 1118 2686 zu
1136 2631 1190 2685 sich

678 2701 786 2753 nehmen
805 2700 910 2756 honnle.

712 2773 736 2821 t.
753 2786 808 2820 non
825 2773 914 2822 miser.
940 2770 967 2822 ln
982 2769 1079 2821 humen
1089 2767 1190 2833 Sllzen,

677 2836 719 2889 die
736 2836 793 2888 eine
806 2836 950 2904 Folgerung
968 2838 1029 2891 oder
1046 2837 1191 2918 uberhaupt

677 2905 718 2956 ein
741 2904 821 2956 Urteil
846 2907 1030 2972 eussprechen,
1055 2905 1116 2958 lissi
1140 2904 1190 2957 Gre.

677 2990 732 3023 esse
755 2973 918 3038 gewdhnlich
942 2973 1000 3026 sort.
1041 2971 1075 3025 So
1099 2976 1140 3040 25,
1158 2975 1188 3026 61

676 3041 830 3093 Absortium
848 3042 879 3093 id
895 3042 1008 3108 quidemr.

714 3112 753 3161 10.
771 3110 938 3161 moriendum
951 3114 1024 3160 esset.
1054 3106 1106 3161 llas
1118 3106 1190 3174 lmpl‚

679 3176 751 3242 GonJ'.
779 3180 843 3230 stall
871 3177 916 3230 des
943 3175 1086 3229 deutschen
1109 3175 1189 3240 Prie,

678 3244 728 3297 wie
745 3244 908 3312 regelmilsig
930 3247 956 3297 in
980 3244 1025 3297 der
1042 3241 1190 3310 Abhingig-

677 3312 731 3364 heit
762 3329 813 3366 von
844 3314 926 3366 einem
953 3312 1089 3380 hypothet.
1118 3311 1189 3376 Gonj.

676 3380 749 3446 lmpl.
768 3381 829 3433 oder
847 3381 993 3448 Plusqupl.;
1018 3379 1071 3445 vgl.
1090 3378 1130 3432 111:
1150 3381 1189 3445 16,

678 3451 724 3502 35:
752 3465 819 3514 quae
846 3455 932 3500 essem
956 3450 1062 3500 homine
1090 3448 1189 3513 ‹li'goie¹

677 3533 753 3569 sima.

712 3588 752 3638 19.
770 3588 869 3651 aqdam
884 3583 1101 3649 istdreisilbigzu
1111 3584 1191 3636 lesen.

671 3652 773 3704 Woher
790 3653 874 3705 dieser
886 3651 1010 3704 Trimeter
1024 3655 1140 3715 stemml,
1158 3651 1191 3702 ist

676 3719 833 3772 unbekannt.

711 3791 751 3841 21.
781 3788 912 3906 Sisyphia
933 3815 966 3826 -
990 3787 1084 3838 hilum.
1120 3783 1192 3838 Nueh

675 3855 774 3908 Becker
790 3858 834 3921 (rm
865 3855 993 3921 hilologus
1005 3855 1031 3908 ll.
1048 3853 1074 3907 S.
1085 3856 1129 3920 37)
1145 3867 1192 3907 aus
