2542 4394
437 184 533 238 LIBER
550 185 578 239 11.
598 189 638 250 21,
658 189 697 240 48.
716 189 760 241 ‘lb'
1078 188 1137 247 135

56 359 180 438 longius
194 357 227 418 fit
241 357 372 436 perlecta
386 357 488 418 virtus
519 356 598 430 Haec
613 366 646 418 ut
657 357 783 437 imperet
798 357 840 418 illi
855 358 932 438 parti
947 359 1046 433 animi,
1064 378 1138 438 quae

59 443 203 505 oboedire
215 441 313 514 debet,
330 442 359 502 id
370 441 528 502 videndum
542 450 586 503 est
600 443 672 503 viro.
685 443 874 513 -Quonam
886 444 975 504 modo
985 441 1000 504 ‘l
1012 444 1138 524 inquies
1161 455 1190 507 48

58 527 220 588 -Velut
240 526 377 588 dominus
398 545 482 588 servo
503 526 548 586 vel
570 535 604 588 ut
625 527 787 605 imperator
807 527 891 589 militi
913 529 959 588 vel
979 536 1012 589 ut
1031 547 1139 609 parens

59 613 131 674 fibo.
168 612 199 673 Si
218 611 388 692 turpissime
410 630 441 672 se
469 611 518 672 illa
539 630 608 690 pars
627 611 717 672 animi
746 621 844 691 geret,
872 631 959 691 quam
988 613 1046 673 dixi
1075 632 1163 675 esse

19 708 36 760 t
56 697 194 771 mollem,
217 697 241 758 si
256 715 288 757 se
303 696 438 757 lamentis
459 696 642 757 muliebriter
664 696 851 776 lacrimisque
872 698 973 772 dedet,
994 698 1139 760 vinciatur

61 790 91 843 et
112 781 335 860 constringatur
355 781 517 842 amicorum
544 781 842 861 propinquorumque
870 783 1023 859 custodiis;
1050 802 1138 863 saepe

61 867 142 928 enim
154 865 288 927 videmus
300 867 409 927 lraetos
420 866 543 945 pudore,
557 867 607 944 qui
620 867 735 927 ratione
743 867 824 928 nulla
837 868 1035 929 vincerentur.
1058 868 1139 947 Ergo

60 952 117 1012 hos
133 950 251 1029 quidem
267 959 301 1011 ut
315 950 440 1012 famulos
454 951 559 1012 vinclis
573 970 667 1032 prope
687 960 775 1030 atque
798 953 945 1027 custodia,
970 953 1021 1032 qui
1041 962 1139 1014 autem

62 1044 153 1096 erunt
174 1035 320 1096 firmiores
335 1054 391 1096 nec
406 1043 505 1096 tamen
522 1035 736 1111 robustissimi,
752 1037 807 1098 hos
823 1038 976 1099 admonitu
992 1037 1140 1118 oportebit

10 1129 40 1189 1ο
62 1129 96 1181 ut
111 1120 209 1182 bonos
223 1119 331 1181 milites
346 1129 498 1182 revocatos
513 1120 683 1199 dignitatem
697 1122 783 1182 tueri.

147 1205 214 1265 Non
236 1205 324 1265 nimis
339 1204 370 1265 in
392 1205 503 1284 Niptris
526 1205 574 1265 ille
605 1206 839 1285 sapientissimus
861 1206 999 1268 Graeciae
1021 1207 1139 1269 saucius

62 1289 249 1362 lamentatur,
265 1290 311 1350 vel
327 1289 442 1350 modice
456 1289 571 1369 potius:

214 1373 424 1454 Pedete'mptioa,
439 1375 545 1454 inquit,
561 1385 587 1436 et
601 1376 696 1436 seuero
716 1379 792 1449 aima,

213 1458 257 1520 Ne
270 1460 403 1522 succussu
417 1461 544 1540 adripiat
559 1463 654 1521 maior

11 1554 40 1606 15
213 1541 357 1604 Dolor-

62 1627 206 1690 Pacuvius
225 1627 283 1690 boc
303 1627 408 1688 melius
430 1645 517 1706 quam
534 1627 697 1708 Sophocles
712 1661 753 1673 -
770 1627 849 1706 apud
869 1627 951 1688 illum
969 1629 1048 1689 enim
1070 1647 1139 1707 per·
1160 1643 1191 1694 19

63 1731 154 1793 quam
169 1712 305 1774 flebiliter
319 1712 419 1774 Ulixes
439 1713 616 1774 lamentatur
631 1713 661 1773 in
677 1712 798 1773 volnere
813 1730 871 1785 -;
892 1721 989 1774 tamen
1011 1713 1081 1773 huic
1098 1714 1140 1774 le·

62 1799 138 1859 riter
152 1797 281 1876 gementi
296 1797 338 1858 illi
353 1797 423 1876 ipsi,
446 1798 496 1876 qui
511 1799 612 1860 lerunt
634 1797 782 1872 saucium,
804 1814 950 1876 personae
971 1799 1140 1876 gravitatem

63 1884 215 1944 intuentes
231 1901 293 1944 non
309 1881 447 1942 dubitant
460 1881 573 1944 dicere:

10 1981 40 2032 11)
216 1965 388 2048 laqueoque,
409 1966 515 2039 illimes,
531 1969 703 2049 quamquam
717 1970 845 2048 praviter

217 2051 366 2114 Cernimus
380 2056 480 2126 ictum,
493 2056 580 2114 almis
590 2055 685 2134 poene
699 2052 796 2114 nolano
812 2071 841 2113 es

67 2221 108 2284 15,
119 2220 165 2270 42:
184 2233 243 2268 cum
260 2223 350 2269 autom
363 2219 478 2284 paulam
493 2219 579 2282 firmi-
629 2213 702 2289 πλὴξ
724 2220 789 2271 hlels
812 2219 868 2270 eine
887 2215 1013 2284 Tragbdie
1031 2217 1076 2270 des
1095 2217 1141 2270 So·

66 2289 132 2337 tatio
158 2288 282 2351 occessit,
308 2315 342 2323 —
369 2289 579 2352 conitoaturqua
630 2288 747 2352 pbokles,
758 2287 857 2338 welche
867 2285 995 2337 Pacuvius
1005 2286 1141 2352 (gebilb,

64 2355 172 2420 marai),
187 2370 242 2404 sara
253 2358 283 2404 ut
295 2356 415 2419 erigerem
433 2354 504 2407 Gaes.
516 2354 542 2406 b.
556 2370 578 2407 c.
631 2359 695 2420 gest.
716 2356 764 2408 130
781 2370 805 2406 v.
818 2354 885 2418 Chr.)
905 2353 1073 2406 naclrbildete.
1103 2355 1142 2406 ln-

63 2423 84 2474 l.
97 2423 143 2474 46:
161 2421 485 2486 Equitum-summum
496 2425 526 2472 in
537 2425 579 2472 iu·
630 2422 696 2475 halt:
716 2422 760 2474 der
778 2420 834 2473 Tod
853 2421 898 2472 des
917 2419 1055 2488 Odysseus.

64 2492 386 2556 gumoirtatecooititur.
404 2489 578 2555 llasvorherg.
667 2493 706 2542 13.
728 2490 931 2554 Pedetmptim,
955 2486 1076 2548 ecferte
1093 2504 1141 2540 me.

65 2556 578 2622 omniumistNeutr.,wieGat.ll.8,18:
630 2556 717 2619 Diese,
742 2557 823 2609 sowie
845 2556 887 2607 die
907 2555 1067 2620 Auslassung
1091 2571 1142 2607 von

65 2628 97 2676 in
109 2628 259 2677 vostatione
272 2628 401 2687 omnium
419 2624 581 2690 dauntre,
631 2640 673 2676 mc
690 2625 732 2676 bei
754 2624 874 2689 adripiat
897 2623 949 2675 uod
973 2622 1083 2674 naclrher
1100 2624 1142 2675 bei

66 2692 580 2758 bbjtadcogoitionemomnium.Jedocb
633 2695 772 2760 opprimit,
789 2692 902 2755 nudate,
921 2693 1032 2756 operite,
1050 2691 1084 2742 ist
1101 2691 1142 2743 (lie

64 2762 101 2814 ist
111 2760 217 2813 diesnur
227 2760 581 2813 seltenstomniumrarum.
631 2761 773 2813 natiuliohe
785 2759 864 2826 Folge
881 2759 925 2811 der
936 2759 1080 2825 lirregtbeit
1097 2759 1143 2812 des

102 2832 126 2881 6.
145 2828 511 2881 custoditawmrscheinlich
522 2829 579 2881 eine
631 2827 820 2895 Sprechenden.

66 2897 226 2963 Anspieluug
250 2897 295 2949 cul
310 2896 378 2963 legg.
397 2897 447 2950 ΧΠ.
465 2897 536 2949 labb.
555 2899 579 2962 5,
668 2900 706 2951 16.
725 2897 902 2947 Pacuuius-
915 2895 1065 2962 Sopboclee.
1095 2895 1143 2948 Iler

67 2965 158 3031 fragm.
177 2968 191 3016 1
211 2964 371 3030 (Dirlrsenp.
391 2967 440 3018 369
453 2967 515 3032 sq.):
535 2965 580 3016 Sei
631 2965 737 3018 Grieche
755 2964 812 3016 licis
830 2964 875 3016 der
888 2963 995 3015 Stimme
1008 2963 1052 3016 der
1064 2964 1144 3016 Natur

65 3033 204 3094 scurioeoe
221 3038 271 3084 aot
286 3034 412 3098 prodicos
429 3037 508 3100 escit,
532 3034 580 3084 aab·
631 3033 681 3085 den
700 3033 779 3085 lreien
792 3032 867 3093 Laul;
886 3032 931 3084 der
943 3031 1036 3084 Romer
1054 3032 1143 3084 wollte

68 3106 208 3152 coctorum
230 3102 418 3167 contiliomque
435 3104 492 3153 ciue
505 3105 580 3167 pote·
631 3101 658 3153 in
676 3101 720 3152 der
737 3099 864 3166 Tragbdie
882 3099 969 3152 lrr'iher
986 3099 1027 3151 die
1044 3098 1144 3151 Heroen

68 3173 125 3221 etas
142 3169 223 3231 estod,
242 3174 284 3219 ost
301 3172 326 3218 ei
338 3174 426 3220 mastos
442 3185 490 3220 neo
508 3172 580 3221 escit.
633 3169 714 3221 selbot
726 3169 881 3231 heroisoher,
902 3169 988 3235 spiter
1005 3170 1037 3232 (z.
1055 3167 1083 3219 B.
1102 3167 1144 3218 bei

47 3276 54 3286 .
105 3239 145 3289 10.
169 3241 308 3288 revocatos
332 3239 403 3303 palst
420 3253 467 3290 nur
484 3253 516 3288 zu
534 3237 580 3288 od·
633 3235 741 3299 Seneca)
759 3237 884 3289 stoisoher
902 3236 1022 3302 gehalten
1040 3235 1144 3288 wisseo.

68 3307 182 3367 monitu,
201 3304 271 3356 nicht
289 3320 321 3357 zu
333 3305 430 3356 uinclis
437 3321 525 3372 prope
542 3309 582 3356 at·
667 3305 740 3371 apud
755 3304 831 3355 illum
850 3303 912 3370 geht
929 3304 975 3355 aul
990 3302 1144 3368 Sopholrles‚

70 3388 121 3440 que
138 3373 275 3437 custodio,
299 3388 375 3425 wozn
398 3373 444 3425 das
467 3372 581 3425 stirlrere
633 3371 837 3424 deralsGrieohe
846 3372 904 3422 dem
912 3371 962 3423 Gic.
974 3370 1057 3423 lerner
1067 3370 1143 3420 steht.

70 3443 228 3492 conetmctoe
250 3456 284 3505 aq
306 3442 432 3506 erginzen
455 3441 502 3503 ist;
527 3441 582 3492 also
669 3444 710 3493 11.
724 3438 1145 3491 lamentaturinoolncre=lam

69 3509 112 3561 ein
125 3508 244 3574 Zeugma.
268 3507 394 3575 Ubrigens
403 3509 437 3561 iot.
447 3511 494 3560 laos
506 3524 583 3576 opor·
634 3509 794 3559 volneratus.
813 3506 871 3571 Vgl.
884 3509 924 3570 27,
937 3509 982 3558 65:
994 3509 1024 3555 in
1032 3503 1146 3569 proeliis

69 3579 137 3628 tebit
153 3580 290 3628 revocatos
306 3605 336 3614 -
357 3579 429 3627 tueri
446 3577 488 3629 ein
506 3577 583 3642 abge·
634 3576 780 3641 exsultant,
798 3575 980 3625 lamentantur
997 3574 1027 3622 in
1044 3573 1146 3622 morbo.

69 3643 175 3697 kirrzler
186 3643 382 3696 nundinentur:
395 3646 586 3710 boeoporteba‘t
669 3644 765 3694 leviter·
784 3634 844 3695 ‘nur
866 3631 1068 3704 unbedeutend',
1093 3639 1144 3705 vgl.

69 3714 195 3764 rovocari
211 3715 429 3764 cat-tueantur.
634 3709 665 3763 V.
685 3713 725 3774 14,
744 3713 790 3764 41:
812 3725 867 3761 non
885 3711 932 3775 qui
949 3709 1043 3761 leviter·
1060 3712 1146 3774 nocet,

107 3783 207 3833 11.rn
235 3778 275 3832 N·
292 3783 350 3832 ou.
398 3773 438 3837 rb
466 3779 582 3852 Νιπτρα
633 3779 680 3832 sao
697 3781 744 3846 qm·
760 3779 831 3830 nanu
846 3781 930 3829 nocer.

70 3841 140 3914 l‘das
157 3839 233 3913 Bad't
256 3843 273 3918 ἠ
294 3839 436 3912 Ὀδυσσεὺς
457 3839 583 3904 ἄκανθο·
669 3850 710 3902 21.
722 3849 811 3911 nimie
823 3861 843 3898 s.
854 3861 875 3897 a.
886 3845 902 3913 ἦ
912 3847 956 3898 5οι
967 3843 1147 3912 amplificatis.
