2550 4410
152 135 191 194 58
541 137 636 189 LIBER
653 136 670 189 l.
689 140 729 202 21,
748 140 789 202 48,
808 141 850 191 49.

150 319 241 370 metu.
279 309 344 380 Quo
359 306 498 370 terrorel
524 328 583 388 quo
598 307 701 370 metui
728 327 803 388 quae
819 317 863 371 est
877 327 952 370 anus
966 315 1026 368 tam
1041 306 1135 369 delira
1149 327 1223 387 quae

150 395 251 455 timeat
261 395 323 467 ista,
340 412 415 473 quae
426 413 477 455 vos
486 394 630 468 videlicet,
643 395 667 456 si
678 395 799 474 physica
810 413 871 455 nou
884 392 1067 466 didicissetis,
1082 393 1224 455 timeretis

106 520 129 533 μ
152 480 325 541 Acherunsia
340 479 444 560 templa
460 479 519 541 alta
536 481 619 554 Orci,
643 479 754 559 pallida
769 479 831 551 lati,
853 479 989 541 obauditu
1004 478 1127 540 teuchus
1142 477 1223 541 hoa?

150 564 216 625 Non
224 565 315 644 pudet
322 564 531 644 philosophum
539 565 569 625 in
578 583 613 624 eo
621 564 750 642 gloriari,
763 564 921 643 quodhaec
930 564 1136 624 nontimeatet
1147 564 1223 642 quod

151 647 495 727 falsaessccognoveritl
513 649 606 727 Equo
614 649 745 728 intellegi
753 657 852 728 potest
863 666 951 727 quam
958 649 1035 709 acuti
1045 656 1151 710 natura
1159 648 1224 724 sint,
1239 655 1248 705 t

101 740 130 791 49
152 734 291 813 quoniam
308 735 382 795 haec
396 735 460 796 sine
476 734 611 795 doctrina
627 734 768 795 credituri
783 735 913 795 luerunt.
924 734 1113 795 Praeclarum
1128 741 1223 794 autem

151 819 252 880 nescio
276 819 345 898 quid
361 819 459 898 adepti
474 829 553 893 sunt
570 820 648 898 quod
664 819 831 880 didicerunt
845 837 892 893 se,
908 838 974 879 cuin
990 827 1109 898 tempus
1123 819 1224 880 mortis

150 905 288 976 venisset,
303 912 381 965 totos
397 923 460 966 esse
475 905 634 982 perituros.
661 904 747 975 Quod
759 912 791 965 ut
801 905 840 965 ita
852 903 1020 965 sit-nihil
1031 903 1111 964 enim
1124 922 1223 983 pugno

150 1022 201 1062 -‚
212 990 280 1067 quid
293 988 383 1049 habet
393 989 447 1049 ista
458 1007 506 1050 res
517 997 567 1050 aut
577 989 710 1051 laetabile
720 998 771 1050 aut
782 986 964 1068 gloriosum?
976 989 1142 1050 Nectamen
1155 988 1223 1048 mihi

151 1092 222 1134 sane
239 1074 395 1152 quicquam
418 1075 549 1134 occurrit
563 1093 617 1135 cur
632 1094 693 1135 non
709 1075 892 1154 Pythagorae
913 1073 950 1134 sit
966 1080 994 1134 et
1009 1073 1139 1135 Platonis
1159 1074 1253 1135 verall

151 1158 308 1219 sententia.
344 1159 383 1220 Ut
396 1159 476 1219 enim
491 1159 636 1220 rationem
650 1160 733 1220 Plato
749 1160 859 1220 nullam
875 1158 1005 1219 adferret
1018 1190 1060 1201 -—
1074 1158 1140 1219 vide
1156 1158 1223 1237 quid

151 1242 264 1303 homini
279 1243 405 1304 tribuam
422 1275 479 1317 -‚
496 1244 557 1323 ipsa
574 1244 747 1305 auctoritate
763 1262 809 1304 me
825 1244 990 1322 frangeret3
1006 1250 1051 1304 tot
1065 1251 1164 1304 autem
1178 1260 1223 1303 ra-

150 1328 248 1389 tiones
263 1328 368 1402 attulit‚
384 1336 418 1389 ut
431 1328 505 1388 velle
521 1329 636 1403 ceteris,
652 1329 709 1390 sibi
724 1337 804 1391 certe
820 1328 1001 1408 persuasisse
1015 1327 1159 1390 videatur.
1245 1402 1247 1409 >

186 1447 209 1496 3.
245 1445 413 1495 Aelioruuu'a
426 1445 522 1511 templa
541 1450 589 1496 aet.
613 1444 663 1496 Re-

151 1512 323 1564 miniscenzen
347 1527 392 1564 aus
419 1512 463 1564 der
486 1512 661 1564 Andromacha

152 1579 196 1632 des
215 1580 319 1632 Ennius.
347 1579 464 1632 Ribbeck
481 1579 663 1634 konstituierte

147 1647 237 1699 'ludher
255 1648 324 1700 diese
342 1647 421 1700 Versa
439 1662 481 1700 so:

150 1731 317 1786 Acherunsia
335 1731 431 1799 templa
444 1734 499 1784 alta
515 1734 584 1800 Orci,
600 1731 662 1785 sda-

355 1807 405 1865 ata,
423 1801 531 1867 salvete,
549 1800 647 1866 infera,

150 1867 259 1920 Pallida
272 1868 324 1934 teti,
338 1868 464 1920 obnubilo
478 1872 593 1920 tenebris
603 1909 609 1923 .
621 1909 626 1921 .
638 1906 644 1920 .
656 1909 662 1922 .

573 1937 647 1988 loca!

151 2003 203 2054 und
220 2003 320 2055 Vahlen
344 2008 426 2055 setzte
444 2004 470 2054 in
489 2003 538 2055 den
557 2007 580 2056 2.
600 2003 663 2056 Vers

150 2070 217 2122 noch
243 2069 326 2135 diris,
348 2069 463 2121 aeternis
488 2071 538 2123 ein.
573 2071 663 2124 luder

152 2140 175 2189 2.
194 2137 272 2203 Ausg.
293 2137 338 2189 der
354 2137 430 2203 Trag.
449 2139 503 2190 Lat.
522 2139 577 2192 rell.
590 2156 614 2206 p.
629 2142 662 2192 24

150 2206 241 2257 nimmt
259 2204 374 2256 Ribbeck
392 2205 512 2271 lolgende
524 2207 599 2259 Fortu
617 2223 661 2260 an:

185 2273 354 2324 Acherunsia
373 2275 468 2339 tuupla
487 2276 542 2326 alta
560 2269 634 2327 'Orci

184 2340 290 2392 Pallida
309 2342 359 2392 lata
379 2341 472 2393 audita
491 2345 606 2395 tenebris

184 2409 257 2461 Lara
273 2407 373 2462 saluata
388 2409 488 2472 iasar-a.

150 2506 184 2514 -
197 2477 303 2544 Templa
316 2477 371 2530 sind
385 2479 440 2530 hier
453 2469 544 2531 ‘weite
556 2469 661 2532 Rdume'

150 2546 301 2612 sibenbaum,
319 2547 370 2597 wie
388 2547 430 2599 bei
448 2547 545 2600 Ennius
562 2548 627 2600 Ana.
643 2546 661 2599 1.

151 2615 180 2666 lr.
200 2617 233 2666 34
256 2614 374 2678 (Vahlen)
399 2616 443 2666 der
467 2615 576 2667 Himmel
595 2615 663 2667 caela·

150 2682 260 2732 aauula
287 2683 384 2747 terapla
411 2682 462 2732 und
490 2684 530 2734 bei
555 2683 662 2735 Plautus

150 2747 203 2798 Mil.
214 2748 242 2798 li.
252 2750 276 2808 5,
286 2750 300 2800 3
317 2748 362 2800 das
374 2747 444 2800 Mser
456 2748 515 2800 loca
526 2749 663 2816 Neptunia

152 2815 302 2881 templaque
325 2818 478 2867 turbulenta
497 2817 581 2869 heilst.
616 2818 664 2870 Mit

36 2905 39 2909 ·
152 2883 209 2935 dem
228 2882 298 2935 Gen:
310 2883 382 2935 relat.
397 2875 513 2950 ‘pallida
533 2877 592 2936 leti’
610 2885 663 2952 vgl.

151 2951 197 3004 das
215 2950 368 3003 llorazische
386 2951 494 3017 Integer
510 2956 590 3007 uitae.

186 3039 211 3088 4.
229 3034 290 3086 Noa
304 3037 389 3101 pudet
406 3041 455 3089 cet.
470 3037 522 3103 vgl.
535 3053 567 3090 nu
586 3040 608 3101 8,
623 3041 663 3091 17.

185 3123 215 3170 iu
247 3136 276 3170 ec
303 3121 423 3203 gloriari
447 3113 546 3173 ‘darein
576 3122 664 3174 seinen

153 3187 238 3320 ἓὲὴὸῐῗί
247 3187 663 3323 εεὲνιιίἓὲνὶαίἷξὲοῗέἒίθοῇαῗητιιῌ.

186 3343 209 3394 6.
223 3340 354 3392 credituri
363 3340 477 3402 fuerunt
485 3341 525 3393 ldr
538 3343 665 3394 credidis·

151 3415 217 3476 rant,
235 3422 290 3460 was
309 3408 353 3460 der
373 3409 581 3475 gewdhnlichere
598 3411 663 3462 Aus-

151 3477 231 3530 druck
248 3478 326 3529 wire.
356 3477 409 3528 Ans
421 3478 497 3542 jener
510 3477 584 3529 Form
603 3479 664 3530 aber

151 3546 246 3598 erhlhrt
269 3560 297 3597 ee
320 3545 387 3610 sich,
412 3559 508 3596 warum
531 3548 595 3599 statt
616 3546 663 3598 des

153 3614 224 3678 Gonj.
249 3611 315 3679 qun
337 3613 353 3664 l.
377 3613 412 3664 im
436 3612 592 3678 Hauptsatze
619 3614 663 3666 der

151 3681 287 3761 hypothet.
317 3627 551 3748 gatzverbinduuffi
587 3697 663 3734 weun

151 3748 221 3800 diese
247 3762 298 3799 ron
326 3748 396 3800 einer
419 3748 595 3815 Konjunktion
618 3751 663 3802 ab·

152 3817 247 3882 bingis
265 3812 338 3877 wird‚
356 3816 454 3868 welche
471 3832 502 3868 an
515 3818 570 3870 sich
582 3818 662 3870 schon

714 1443 763 1496 den
782 1443 857 1510 llonj.
871 1444 973 1510 reglau,
992 1443 1036 1496 der
1050 1443 1123 1508 Gonj.
1141 1442 1223 1496 Perl.
1245 1444 1248 1471 ³

714 1512 759 1564 der
776 1513 927 1579 periphrnst
945 1511 1120 1577 Konjugation
1138 1511 1212 1565 steht

749 1583 772 1632 6.
796 1581 983 1645 basclorum,
1009 1580 1078 1645 hier,
1105 1580 1156 1632 wie
1180 1579 1222 1644 alt,

714 1648 834 1702 ironisch.
856 1647 1222 1700 DerGedanheschlielstsich

713 1715 811 1768 wieder
833 1731 865 1767 an
892 1719 940 1782 qui
956 1745 990 1755 -
1006 1721 1172 1768 venerantur
1196 1719 1225 1766 ut

714 1783 791 1835 deum
810 1799 849 1836 an.

749 1853 771 1905 8.
792 1852 869 1916 Quod
885 1856 917 1901 ut
933 1854 973 1902 ita
984 1854 1028 1917 sit,
1046 1850 1158 1903 nimlich
1171 1850 1223 1902 dale

713 1918 755 1971 die
780 1919 872 1972 Seelen
895 1919 1018 1971 sterblich
1042 1920 1122 1971 seien
1157 1918 1224 1972 flier-

713 1987 777 2039 dber
795 1988 849 2038 will
867 1987 921 2039 sich
934 1987 985 2041 (lic.
1000 1987 1027 2038 in
1039 1986 1133 2043 keinen
1147 1984 1222 2039 Streit

713 2055 760 2107 mit
777 2054 826 2107 den
845 2054 1001 2120 Epihureern
1020 2055 1158 2108 einlassen.

749 2120 788 2176 io.
808 2125 934 2188 camma,
946 2123 997 2174 wie
1010 2123 1026 2188 ξ
1039 2125 1069 2174 51
1090 2122 1143 2175 und
1155 2122 1222 2176 Brut.

713 2195 737 2255 7,
751 2194 795 2243 26:
818 2192 850 2241 In
870 2191 1010 2242 Graeciam
1031 2207 1092 2242 cum
1109 2193 1223 2256 intuear,

712 2262 831 2310 maxime
847 2260 915 2309 mihi
932 2263 1079 2309 accurrunt
1096 2256 1223 2310 Athenas.

746 2327 1058 2391 Platonis—reulum,
1076 2326 1134 2393 dals
1149 2327 1222 2380 nimh

713 2393 758 2446 der
777 2393 848 2446 Geist
865 2394 1024 2446 nnsterblich
1044 2395 1090 2446 sei.

749 2465 788 2515 12.
807 2462 1016 2526 dominatura,
1034 2463 1061 2514 in
1079 2461 1168 2530 Bezug
1183 2461 1225 2515 aul

713 2531 770 2582 eine
793 2531 873 2583 sehon
896 2534 1024 2597 genannte
1048 2529 1158 2596 Person,
1185 2530 1222 2583 hei

714 2598 765 2650 Cia.
778 2597 895 2650 niemlich
909 2596 995 2664 hhufig
1008 2598 1084 2664 (auch
1096 2601 1149 2662 uir,
1167 2598 1223 2651 aber

714 2667 785 2717 nicht
797 2668 840 2716 bia
853 2668 929 2717 homa
942 2665 1222 2731 eet.),z.13.111.nr.os:

714 2738 745 2784 ul
762 2739 802 2785 art
812 2739 905 2800 captus
921 2736 1068 2796 bominum
1089 2733 1118 2786 V.
1129 2737 1223 2800 unca

715 2803 852 2853 conlocari
867 2804 947 2852 itaut
958 2803 1091 2854 homiaem
1102 2804 1132 2853 iu
1145 2816 1223 2854 aurea

716 2870 794 2929 lactu
814 2870 909 2922 ebenso
926 2884 982 2920 rara
1000 2869 1041 2921 lut
1057 2870 1089 2920 id
1104 2872 1146 2936 37,
1160 2873 1201 2925 89.

749 2940 809 3003 ipra
838 2929 964 3001 t‘schon’)
994 2941 1159 2990 auctoritato
1186 2953 1224 2990 m

714 3004 863 3071 frangant.
889 3004 925 3057 De
938 3005 989 3056 dir.
1001 3005 1019 3057 1.
1032 3007 1074 3070 30,
1087 3009 1132 3060 62:
1151 3006 1224 3058 Hunc

715 3075 760 3138 (sc.
779 3074 938 3138 Epiaumm)
959 3077 1105 3140 auupome
1121 3075 1225 3127 Horou

715 3146 743 3192 ct
757 3141 885 3193 Sacrati?
908 3143 955 3206 qui
976 3145 1009 3192 ut
1022 3145 1158 3194 rationem
1173 3157 1225 3194 aaa

714 3209 868 3272 redderent,
891 3211 1055 3260 auctoritate
1075 3215 1165 3262 tarum
1182 3212 1225 3263 tu

713 3276 1223 3345 minutosphttosopauvincerent.vat

714 3345 780 3397 auch
798 3346 865 3396 oben
885 3348 925 3409 17,
939 3347 972 3397 40
990 3345 1045 3397 init.

749 3415 790 3465 13.
807 3413 873 3463 aella
889 3415 990 3478 catana,
1007 3427 1043 3466 sc.
1052 3414 1224 3479 persuadere:

714 3481 762 3532 mit
785 3480 872 3545 Benug
894 3480 940 3531 aul
960 3485 992 3531 ut
1013 3482 1149 3533 rationem
1169 3482 1225 3534 uul-

715 3550 768 3600 lam
781 3548 902 3609 adferret
911 3553 1009 3614 gesegt.
1032 3548 1224 3667 ungleichliegt

715 3617 786 3669 daria
799 3615 844 3668 der
855 3614 984 3680 Gedaahe‚
1001 3615 1057 3668 dale
1091 3617 1147 3671 lato
1159 3617 1224 3671 dicu

715 3683 862 3747 Wnbrheit‚
884 3699 936 3736 von
961 3683 1074 3736 welches
1092 3698 1121 3738 er
1138 3685 1224 3738 durch

715 3751 830 3818 drungen
844 3766 904 3836 war²
918 3751 959 3803 ldr
970 3751 1030 3804 sehr
1040 3752 1150 3821 wichtig
1158 3752 1224 3806 tuclt

748 3819 874 3870 uideatur
908 3818 965 3872 dats
991 3834 1050 3871 man
1077 3820 1148 3880 nieht
1168 3820 1225 3874 ota
