2550 4410
462 190 557 244 LIBER
572 191 614 247 tv,
632 194 725 257 34,st
1084 191 1125 253 97
1192 145 1195 152 Ι

51 375 161 426 natura
173 363 328 438 concessit,
345 363 410 443 quis
422 373 472 424 aut
482 365 518 426 de
530 364 692 445 Ganymedi
707 374 792 446 raptu
807 365 920 426 dubitat
936 363 1005 444 quid
1021 373 1127 444 poetae

50 451 155 524 velint,
181 459 308 510 autnon
331 448 477 528 intellegit
498 451 569 530 quid
591 451 669 530 apud
690 450 863 530 Euripidem
887 458 916 512 et
937 450 1077 529 loquatur
1098 459 1128 512 et

53 536 157 615 cupiat
168 532 278 596 Laius?
294 533 371 604 Quid
386 534 514 614 denique
529 535 665 597 homines
680 535 840 598 doctissimi
856 544 885 596 et
899 535 1007 598 summi
1021 543 1127 614 poetae

54 623 92 681 de
114 640 146 682 se
168 620 240 699 ipsis
261 629 290 680 et
310 619 492 682 carminibus
511 622 603 681 edunt
624 630 654 682 et
669 619 831 683 cantibus?
858 620 955 682 Fortis
969 620 1014 680 vir
1028 621 1058 680 in
1074 639 1127 682 sua

8 717 25 767 5
53 725 88 767 re
102 706 219 784 publica
232 705 368 784 cognitus
381 723 456 784 quae
468 706 503 766 de
515 707 655 767 iuvenum
665 725 765 767 amore
780 706 883 768 scribit
894 705 1031 767 Alcaeusl
1054 705 1128 767 Nam

55 791 254 852 Anacreontis
283 790 401 869 quidem
428 800 489 852 tota
515 792 613 871 poesis
639 800 683 853 est
710 792 865 866 amatoria;
896 808 1032 851 maxume
1057 809 1127 852 vero

57 876 191 938 omnium
206 877 345 955 flagrasse
360 894 460 937 amore
475 877 623 956 Reginum
640 876 761 958 Ibycum
776 884 898 957 apparet
913 895 949 937 ex
964 872 1091 954 scriptis.

142 961 238 1039 Atque
265 962 371 1022 horum
402 961 534 1022 omnium
555 962 730 1024 libidinosos
752 981 817 1024 esse
844 980 960 1023 amores
986 959 1126 1023 videmus.
1139 965 1179 1022 64

56 1047 231 1125 Philosophi
243 1065 345 1108 sumus
357 1047 459 1120 exorti,
473 1055 503 1107 et
513 1056 635 1109 auctore
646 1047 765 1126 quidem
778 1055 880 1109 nostro
892 1047 1025 1120 Platone,
1038 1064 1128 1125 quem

9 1141 32 1191 u
56 1151 119 1192 non
135 1131 242 1192 iniuria
258 1132 453 1193 Dicaearchus
468 1140 599 1208 accusat,
620 1134 672 1211 qui
687 1133 781 1193 amori
796 1131 999 1194 auctoritatem
1014 1131 1128 1193 tribue-

57 1235 167 1278 remus.
197 1216 288 1278 Stoici
308 1235 378 1278 vero
400 1226 430 1278 et
445 1218 608 1298 sapientem
623 1227 788 1281 amaturum
805 1237 869 1280 esse
885 1217 988 1278 dicunt
1003 1224 1033 1277 et
1047 1235 1129 1278 amo·
1150 1226 1181 1277 72

57 1320 121 1362 rem
137 1303 234 1381 ipsum
253 1311 391 1363 conatum
408 1302 552 1364 amicitiae
568 1303 718 1365 faciendae
734 1323 770 1364 ex
784 1301 1015 1382 pulchritudinis
1029 1302 1128 1381 specie

56 1388 213 1448 deliniunt.
257 1387 314 1459 Qui
336 1388 361 1449 si
383 1388 447 1466 quis
470 1389 566 1450 estin
588 1407 688 1450 rerum
711 1398 816 1449 natura
834 1388 899 1450 sine
920 1387 1128 1459 sollicitudine,

56 1473 123 1534 sine
135 1472 290 1546 desiderio,
306 1473 371 1534 sine
383 1491 463 1547 cura,
478 1474 543 1536 sine
554 1474 691 1553 suspirio,
707 1473 744 1536 sit
754 1492 841 1548 sane3
856 1483 940 1533 vacat
955 1473 1034 1534 enim
1047 1472 1129 1533 omui

10 1560 36 1612 15
57 1557 198 1632 libidine;
213 1559 286 1619 haec
296 1566 394 1620 autem
407 1558 442 1621 de
454 1559 578 1621 libidine
594 1559 687 1620 oratio
703 1567 757 1620 est.
780 1558 833 1619 Sin
850 1565 947 1618 autem
964 1567 1009 1618 est
1023 1558 1129 1636 aliquis

55 1661 155 1717 amor,
178 1651 210 1703 ut
232 1652 276 1704 est
298 1653 393 1717 certe,
416 1645 467 1722 qui
489 1645 562 1706 nihil
577 1644 653 1706 absit
667 1652 717 1706 aut
733 1663 794 1705 non
810 1643 935 1704 multum
951 1643 987 1703 ab
1003 1643 1127 1715 insania,

54 1728 152 1807 qualis
167 1729 197 1788 in
214 1728 359 1789 Leucadia
374 1737 433 1791 est:

53 1847 567 1900 miiliebrecertameneademulieribm.
655 1849 696 1899 11.
719 1845 806 1897 Stoici
817 1865 856 1884 «-
874 1844 976 1894 dicunt.
1010 1841 1084 1907 Diog.
1102 1845 1129 1898 L.

98 1917 121 1966 1.
159 1913 320 1981 Ganymedi,
351 1915 402 1967 wie
420 1914 437 1967 l.
456 1918 503 1979 41,
520 1918 566 1969 98:
619 1912 743 1967 Vll.129:
758 1917 804 1964 καὶ
816 1908 1027 1982 ἐρασθήσεσθαι
1039 1906 1069 1962 δὲ
1079 1911 1131 1964 τὸν

56 1983 142 2036 uliae.
176 1982 240 2033 Zum
257 1981 339 2033 lnhalt
356 1982 409 2048 vgl.
430 1982 447 2034 l.
466 1985 508 2047 26,
526 1986 567 2037 65.
620 1978 706 2062 ropdv
717 1981 777 2033 τῶν
788 1984 861 2034 νέων
872 1976 1068 2048 ἐμφαινόντων
1084 1976 1131 2032 διὰ

91 2053 116 2103 2.
126 2050 371 2116 apudEurtpim,
383 2053 410 2102 in
419 2050 464 2104 der
472 2051 568 2103 verior·
619 2068 668 2101 του
690 2045 775 2102 nidove
799 2047 852 2115 τὴν
877 2045 944 2120 πρὸς
964 2043 1063 2118 ἀρετὴν
1088 2046 1130 2100 ad·

53 2118 569 2186 nen‘lragddiedhrysippus.Laiusnim-
659 2122 712 2170 1αν.
748 2117 791 2171 Sie
814 2119 908 2184 gingen
932 2117 986 2168 also
1009 2131 1061 2167 von
1085 2117 1130 2170 der

52 2187 117 2250 lich,
134 2185 179 2238 der
191 2185 275 2252 Kdnig
293 2202 344 2238 von
358 2186 471 2250 Theben,
490 2188 570 2240 liebte
644 2193 828 2252 oraussetzuug
846 2201 906 2250 aus,
927 2185 984 2237 dass
1001 2185 1028 2236 in
1046 2185 1129 2238 ciuem

54 2254 223 2322 Chrysippus,
243 2254 291 2306 den
311 2254 381 2307 Sohn
399 2255 445 2308 des
462 2255 566 2323 Pelops.
618 2255 732 2308 schonen
746 2253 932 2321 jugendlicben
949 2252 1047 2320 lidrper
1064 2254 1131 2306 auch

91 2325 115 2374 5.
125 2324 247 2388 Atacem,
260 2322 304 2374 der
313 2323 420 2390 Lyriher
428 2340 480 2375 von
489 2322 567 2391 lllyti-
617 2323 660 2375 die
671 2323 771 2388 Anlage
788 2337 832 2374 zur
845 2321 986 2375 Schdnheit
998 2321 1043 2373 der
1055 2320 1131 2374 Seele

55 2392 124 2454 lene,
137 2407 179 2443 um
192 2390 566 2459 bdbv.Ghr.,hdmpltegegeu
618 2391 700 2458 liege,
726 2389 778 2441 und
799 2390 926 2453 meinten,
945 2390 1021 2453 jener
1044 2394 1131 2443 mdsse

55 2460 98 2511 die
117 2458 254 2526 'lyranuen
272 2459 356 2512 selues
369 2458 545 2512 Vaterlaudes.
618 2459 645 2509 in
663 2459 721 2510 dem
738 2457 850 2521 Weiseu,
868 2458 913 2509 der
929 2457 974 2508 ihn
993 2457 1131 2522 anschaue,

90 2526 169 2592 Nam,
188 2543 208 2579 s.
221 2544 253 2579 zu
265 2530 307 2592 23,
319 2530 363 2580 52:
382 2545 446 2579 nom
456 2530 568 2581 Aiacem
618 2526 704 2591 Liebe,
714 2525 770 2579 dh.
780 2524 1132 2577 dasStrebeunachreund-

56 2597 172 2662 quidem.
206 2596 359 2661 Anakreon,
385 2596 430 2648 der
454 2596 569 2663 Lyriher,
619 2594 703 2647 scbalt
721 2609 778 2645 zum
790 2591 901 2644 Zweclre
919 2591 1131 2658 derlleredlung,

56 2680 109 2716 von
121 2662 190 2715 'l'eos
204 2665 231 2715 in
243 2665 338 2726 lonico,
356 2665 425 2717 lebte
438 2665 464 2716 in
477 2664 568 2716 Samos
620 2662 764 2715 erwecken.
794 2660 877 2712 Daher
894 2661 963 2713 Zeno
981 2659 1023 2712 bei
1036 2660 1130 2714 Athen.

57 2747 99 2785 am
117 2731 182 2783 llole
200 2732 245 2784 des
257 2731 420 2799 Polykrates,
438 2734 524 2801 opiter
541 2734 567 2784 in
619 2731 680 2782 lllll.
693 2747 718 2797 p.
731 2732 792 2783 561:
805 2726 856 2781 τὸν
863 2725 973 2799 Ἔρωτα
980 2726 1052 2780 θεὸν
1061 2727 1132 2782 εἶναι

56 2801 142 2852 Athen
162 2799 203 2852 bei
221 2799 270 2852 den
288 2799 473 2854 Pisistratiden.
619 2797 710 2883 pallas
726 2801 771 2849 nai
789 2794 957 2867 ἐλευθερίας,
978 2798 1020 2849 ὅτι
1038 2792 1069 2848 dd
1085 2801 1132 2849 καὶ

93 2872 117 2922 1.
144 2867 276 2934 Reginum
297 2870 421 2937 Ibycum,
447 2885 490 2921 um
518 2871 567 2923 540
619 2870 746 2953 opovolas
763 2863 1030 2936 παρασκευαστικόν,
1049 2861 1131 2918 dibeo

56 2953 82 2989 v.
95 2936 162 3001 Chr,
175 2937 253 2988 durch
267 2937 389 2990 Schillers
402 2937 510 2991 Gedicht
521 2937 569 2989 all·
618 2933 636 2990 δ
666 2929 783 2988 οὐδενός.

57 3005 180 3056 bekannt.
215 3005 271 3056 Wir
288 3005 371 3058 haben
394 3021 441 3058 nur
463 3007 568 3072 gelinge
653 3021 725 3069 vero,
744 3004 794 3055 wie
811 3002 828 3056 l.
842 3004 884 3068 39,
897 3003 938 3056 93.

56 3073 210 3139 Fragmente
222 3088 274 3124 von
286 3075 347 3126 ihm.
374 3073 445 3126 Suid.
458 3089 478 3126 s.
491 3075 517 3126 h.
529 3090 567 3126 v.:
658 3075 698 3127 13.
710 3077 740 3123 in
749 3087 840 3123 ret-aem
848 3061 992 3122 natura‘in
1002 3068 1047 3121 der
1056 3067 1134 3120 wirh-

55 3144 169 3224 γᾰγονεν
183 3141 438 3210 ἐρωτομανέστατος
455 3146 518 3210 περὶ
535 3139 571 3194 τὰ
622 3142 707 3195 lichen
718 3131 880 3222 Welt’rvp.
892 3138 921 3191 V.
932 3139 974 3202 37,
988 3140 1046 3190 1111.

55 3228 253 3331 μεέαἶῖἶὶοπο.
288 3277 321 3331 Er
338 3279 415 3331 nabm
434 3281 479 3343 (im
495 3278 572 3345 Sym·
625 3208 933 3342 11ἒὲ4ιάἶεῗῗοάῑῗ...
952 3210 1003 3271 m,
1025 3220 1046 3257 s·
1064 3219 1096 3255 zu
1114 3204 1132 3256 ¹·

56 3361 115 3414 pos.
133 3345 185 3397 und
203 3346 322 3412 Phaedr.)
344 3349 411 3400 zwei
429 3348 509 3399 Arten
526 3346 571 3398 der
657 3346 707 3398 Sin
725 3349 822 3396 aalma.
851 3341 901 3394 Der
913 3339 1040 3392 Nachsatz
1060 3339 1133 3401 fehlt,

55 3415 136 3466 Liebe
149 3431 194 3466 an:
207 3415 291 3467 neben
300 3415 346 3469 der
356 3417 489 3482 gemeineu
503 3415 572 3467 sinu·
622 3415 684 3466 weil
707 3413 758 3465 Cic
781 3411 827 3463 das
848 3407 999 3528 cuppldhrte
1019 3407 1133 3474 Beispiel

55 3483 152 3547 lichen,
171 3483 257 3535 dicer
276 3485 359 3537 selbst
375 3484 496 3549 verwarl,
514 3483 571 3536 eine
622 3483 714 3533 weiter
730 3479 851 3546 verlolgt.
907 3492 947 3528 em
965 3474 1043 3528 Smne
1065 3476 1131 3527 uach

57 3549 163 3616 andere,
181 3552 315 3605 reiueuud
328 3553 446 3620 geistige,
464 3552 506 3604 die
519 3566 571 3602 von
622 3550 716 3601 mulste
739 3563 767 3600 er
790 3552 858 3600 etue
881 3543 993 3598 heilsen:
1016 3546 1041 3594 ie
1064 3549 1135 3595 certe

55 3619 104 3671 der
116 3620 293 3687 Ansehauung
311 3622 419 3674 schoner
430 3621 573 3688 Kbrperge-
622 3617 829 3669 contemnendus
845 3619 890 3666 est.

56 3688 155 3743 stalten
173 3688 321 3755 ausgehend
338 3690 393 3742 sich
411 3706 456 3742 zur
468 3689 573 3742 Seelen-
660 3688 700 3740 16.
717 3691 749 3736 ut
761 3689 800 3735 art
812 3688 890 3735 certe.
910 3680 1137 3745 Bructerum

57 3755 305 3810 schdnheiterhebt.
335 3756 531 3810 DalsDiciarch
544 3755 571 3821 (l.
623 3756 730 3808 Ennius
752 3769 829 3818 rane,
852 3758 884 3803 ut
905 3753 945 3800 ert
966 3752 1049 3830 certe,
1073 3765 1136 3816 per·

58 3827 103 3888 10,
116 3826 159 3888 21)
177 3826 221 3878 ihu
239 3825 338 3892 augrill,
358 3827 453 3879 wissen
466 3826 513 3878 wir
525 3840 573 3877 nur
623 3822 729 3885 fertior.
756 3820 845 3887 Vgl.l.
860 3823 899 3885 18,
913 3820 958 3871 41:
975 3821 1047 3900 ment
1063 3823 1110 3870 ert.

58 3907 108 3944 ans
125 3893 208 3946 dieser
226 3893 315 3947 Stelle
660 3895 700 3944 11.
722 3893 752 3941 in
769 3889 920 3949 Leucadio,
943 3885 978 3937 im
1010 3883 1136 3939 hlidchen

114 3976 341 4024 eteororuscu1.tt.
365 3980 385 4022 8.
399 3978 454 4022 lud.
918 3977 932 4027 l
