2550 4410
148 156 189 215 66
533 152 628 206 LIBER
645 151 688 205 lV.
706 156 731 218 9,
740 154 782 205 211.
792 155 834 207 11.

239 326 311 388 Tum
323 344 418 407 pauor
432 327 604 407 oapiintiom
619 343 731 386 omnem
744 327 789 385 mi
801 324 978 385 inanimato
994 324 1180 405 caplatorat,

148 414 392 473 exanimationem
413 422 524 471 metum
546 410 778 489 subsequentem
800 419 831 470 et
847 408 931 487 quasi
948 408 1100 470 comitem
1115 408 1234 489 pavoris,

148 496 396 559 conturbationem
410 506 523 557 metum
540 495 738 556 excutientem
754 493 891 573 cogitata,
912 494 1115 573 formidinem
1130 502 1235 556 metum

149 590 386 663 permanentem.

111 647 130 701 9
238 666 400 746 Voluptatis
422 672 520 725 antem
542 663 636 744 partis
657 664 715 724 hoc
738 664 826 724 modo
849 661 1044 738 describunt,
1068 662 1261 725 utmalioot

96 727 126 777 ²⁰
148 751 238 813 lentio
253 751 291 812 sit
314 750 449 828 voluptas
472 768 508 809 ex
529 748 607 809 malo
632 748 753 809 alterius
775 748 840 809 sine
864 746 1076 831 emolumento
1100 767 1175 821 suc,
1193 749 1236 810 de

148 837 259 899 lectatio
283 835 418 913 voluptas
441 834 581 895 suavitate
610 833 728 895 auditus
746 832 878 894 animum
900 832 1080 908 deleniens,
1103 843 1135 895 et
1149 832 1236 913 qualis

148 930 193 982 est
214 922 286 981 liaeo
307 919 439 992 annium,
463 918 535 980 tales
550 926 620 980 sunt
641 927 671 979 et
686 919 841 979 oculorum
857 928 886 977 et
899 918 1072 979 tactionum
1089 928 1121 980 et
1135 920 1236 981 odora·

148 1006 264 1066 tionum
286 1013 315 1064 et
331 1022 485 1084 saporum,
510 1022 587 1082 qnae
609 1012 680 1065 sunt
696 1022 800 1064 omnes
816 1002 904 1064 unius
918 1003 1044 1081 generis
1060 1003 1099 1064 ad
1115 1005 1235 1083 periun-

149 1090 279 1151 dendum
298 1089 429 1149 animum
445 1097 595 1168 tamqnam
611 1088 817 1167 inliquefactae
839 1088 1015 1167 voluptates.
1053 1087 1183 1151 Iactatio
1197 1094 1270 1151 esttt

96 1183 126 1234 at
148 1175 284 1253 voluptas
299 1173 430 1252 gestiens
445 1172 476 1234 'et
490 1192 523 1235 se
540 1174 668 1235 efferens
683 1173 870 1235 insolentius.
897 1171 982 1244 Quae
997 1182 1108 1235 autern
1123 1174 1236 1236 tuamet

148 1259 280 1321 subiecta
295 1267 376 1331 sunt,
393 1276 426 1318 ea
441 1258 483 1319 sic
498 1259 693 1332 definiuntur,
708 1267 742 1319 ut
756 1261 804 1319 iro
817 1257 856 1319 sit
870 1256 1154 1337 libido-poeniendi
1169 1260 1235 1331 eius,

149 1345 200 1424 qui
215 1344 348 1405 videatur
362 1343 481 1404 laesisse
497 1343 615 1417 iniuria,
631 1344 863 1405 excandescentia
878 1350 978 1403 autem
992 1342 1098 1405 sit'ira
1115 1362 1236 1407 nascens

148 1438 178 1491 et
205 1430 293 1489 modo
317 1429 472 1502 exsistens,
497 1447 572 1507 quae
598 1425 756 1508 θύμωσις
780 1427 891 1489 Graece
913 1427 1040 1501 dicitur,
1073 1430 1179 1492 odium
1198 1429 1237 1491 ira

148 1515 324 1588 inveterata,
348 1516 501 1575 inimicitia
527 1514 572 1574 ira
587 1511 749 1574 ulciscendi
764 1521 882 1592 tempus
897 1511 1083 1588 observans,
1100 1516 1240 1579 discordia
1268 1549 1269 1552 =

147 1599 192 1660 ira
212 1599 348 1659 acerbior
370 1598 475 1659 intimo
499 1599 598 1659 animo
622 1606 652 1659 et
673 1598 763 1659 corde
779 1606 938 1678 concepta,
961 1599 1135 1678 inda'yentia
1149 1600 1238 1661 libido

147 1682 344 1763 inexplebilis,
370 1683 541 1745 desiderium
560 1682 651 1743 libido
667 1682 746 1757 eius,
769 1682 819 1761 qui
837 1681 972 1743 nondum
986 1682 1087 1759 adsit,
1113 1684 1238 1747 videndi.

146 1768 342 1847 Distinguunt
356 1768 426 1829 illud
440 1769 539 1843 etiam,
553 1776 587 1828 ut
599 1766 690 1828 libido
706 1767 744 1829 sit
758 1785 860 1828 earnm
872 1785 983 1843 rernm,
999 1787 1083 1847 quae
1099 1769 1240 1832 dicuntur

183 1922 205 1972 1.
227 1916 293 1968 tum
309 1933 395 1982 pauor
412 1920 470 1979 cet,
495 1932 541 1968 aus
558 1916 662 1969 Ennius’

145 1986 283 2048 Alcnmio,
306 1984 338 2034 de
356 1990 420 2035 orat.
437 1983 475 2036 lll.
495 1986 540 2049 58,
559 1987 608 2038 218
626 1986 661 2036 im

145 2051 382 2116 Zusammenhange
400 2051 544 2117 angelirlut.

180 2122 204 2170 2.
234 2122 474 2172 exanimationem:
511 2116 659 2189 ἀγωνία,

146 2184 230 2255 φόβος
242 2180 342 2249 ἀδήλου
365 2183 531 2256 πράγματος.

181 2257 205 2307 3.
228 2256 471 2306 conturbationem:
496 2253 660 2325 θόρυβος,

146 2318 231 2390 φόβος
274 2318 323 2373 erit
352 2320 531 2383 κατεπείξεως
561 2323 663 2391 φωνῆς.

144 2393 184 2441 An
209 2405 240 2442 an
260 2405 320 2441 eren
345 2389 457 2455 stetten,
484 2391 534 2442 wie
558 2394 598 2455 10,
621 2392 662 2456 23,

143 2457 267 2510 bedentet
290 2461 459 2510 conturbatio
483 2459 602 2511 desselbe
625 2459 663 2510 als

140 2529 316 2592 perturbatio
334 2527 486 2594 uberhaupt.

171 2593 344 2656 formidinem
353 2600 597 2660 -pmmanentem
616 2591 663 2645 tiit

144 2660 228 2713 dieser
240 2661 384 2727 Erkliarung
402 2663 471 2713 steht
484 2661 534 2713 Cic.
553 2677 584 2713 au
603 2660 662 2712 dem

143 2732 208 2781 rim.
238 2727 467 2795 Spr'achgebrauch
497 2730 531 2779 im
562 2728 661 2780 Wider-

144 2795 252 2860 sprnch,
282 2795 313 2846 da
343 2794 462 2853 formido
498 2796 569 2848 nicht
604 2798 661 2848 eine

144 2860 273 2913 dauernde
290 2862 391 2925 Fenchi,
409 2863 519 2915 sondern
538 2864 662 2916 vielmehr

143 2929 257 2981 intensiv
284 2930 332 2981 den
361 2930 485 2982 hinchsten
519 2931 585 2983 Grad
609 2948 661 2984 von

143 2996 239 3049 Furcht
257 2996 391 3062 (Grausen)
410 2999 568 3051 bezeichnet.

179 3069 202 3118 5.
243 3066 395 3132 Voluptatis
412 3088 446 3109 =
466 3068 584 3119 laetitiae
614 3083 662 3133 ge·

142 3135 265 3194 otientie3
291 3150 322 3186 zu
347 3151 381 3186 aa
398 3136 469 3187 malo
493 3135 545 3202 vgl.
571 3138 595 3200 8,
616 3139 659 3188 te:

143 3218 178 3252 ea
196 3219 234 3253 eo.

178 3270 202 3322 6.
221 3269 376 3320 delectatio:
402 3265 558 3334 κήλησις,
577 3264 661 3334 ἡδονὴ

143 3331 184 3387 δι’
208 3333 292 3389 ὤτων
309 3334 506 3402 κατμκηλοῦσα.
546 3337 592 3389 ltie
609 3353 661 3390 von

142 3404 194 3458 Cic.
208 3404 337 3470 gewithlte
352 3404 530 3470 Ubersetaung
539 3405 572 3456 ist
582 3404 662 3458 offen·

140 3471 188 3524 bar
210 3472 281 3524 nicht
298 3473 472 3524 bezeichnend
491 3487 584 3540 genus.

177 3543 217 3592 10.
244 3539 437 3606 inliquefactae
459 3531 497 3591 ‘in
518 3540 589 3593 Finis
616 3556 660 3607 ge-

142 3604 224 3659 setzt'.
259 3603 307 3662 ἅπ.
324 3605 353 3659 le
371 3647 378 3662 .

174 3676 290 3727 Iactatio
305 3627 371 3727 fehlt
378 3676 421 3728 hei
427 3675 499 3742 Diog.
507 3674 533 3726 L.
541 3675 591 3728 Vll.
604 3679 660 3729 114.

139 3809 158 3861 Ι.
176 3744 218 3874 ll,
234 3746 293 3865 affl,
304 3740 379 3814 ὀργή.
396 3744 433 3796 Zu
447 3745 596 3810 poeniendi
606 3744 659 3810 vgl.

751 1919 791 1970 13.
809 1917 1043 1970 excandescentia.
1063 1918 1143 1987 Diog.
1160 1920 1188 1973 L
1199 1920 1240 1973 lut

713 1984 787 2036 datur
804 1981 900 2053 dupin.
927 1981 1137 2052 Θύμωσιεήηά
1155 1989 1239 2041 Cicero

713 2053 927 2104 wahrsclieinlich
944 2053 987 2105 bei
1006 2053 1187 2123 Chrysippus.

747 2122 787 2172 14.
804 2121 884 2172 modo
895 2124 1025 2173 eademne
1042 2116 1127 2177 ‘elren
1140 2126 1241 2179 lamor-

711 2181 829 2251 tretend’,
854 2189 909 2241 also
934 2189 1008 2241 niclat
1036 2189 1178 2246 identiecla
1196 2192 1240 2245 nit

711 2271 831 2307 nasama.

750 2324 851 2389 odium,
867 2324 962 2389 griech.
980 2322 1073 2391 μῆνισ.

749 2394 790 2444 15.
815 2394 961 2443 inimicitia
985 2392 1042 2444 hier
1067 2393 1121 2459 (als
1145 2395 1239 2460 Aban.)

712 2459 747 2539 inp
774 2458 859 2526 Sing.;
882 2462 955 2513 sonet
975 2456 1088 2514 Plurale
1111 2468 1179 2517 tent
1200 2462 1240 2517 Gr.

713 2541 799 2579 nouat.

749 2596 789 2647 16.
818 2594 983 2660 indigentia,
1010 2594 1115 2661 enecta
1141 2596 1241 2652 audon

713 2655 815 2727 ἀτελής,
827 2677 848 2715 s.
860 2666 884 2728 l,
898 2665 940 2725 16;
951 2662 1133 2732 desidorium,
1143 2667 1240 2733 grieclt.

714 2728 813 2782 πόθος.
835 2728 905 2781 Doch
918 2729 1065 2797 entspricht
1077 2733 1123 2787 die
1132 2734 1240 2789 tentae

712 2785 891 2865 llbersetaung
913 2797 1000 2850 weder
1022 2798 1087 2852 dem
1105 2804 1239 2855 etoischen

713 2863 813 2930 Begriff
831 2881 883 2918 von
906 2860 1010 2930 acideo,
1033 2883 1096 2921 was
1123 2870 1165 2923 als
1183 2872 1241 2925 lna·

713 2931 804 2998 θνμία
827 2928 891 2984 κατ’
918 2937 1011 3005 ἔρωτα
1035 2936 1091 2987 τοῦ
1118 2934 1241 2993 dudam

714 3000 810 3052 erklirt
820 3000 893 3067 wind,
906 3002 972 3053 noch
982 3002 1042 3053 dem
1052 3007 1122 3059 ram.
1130 3006 1241 3075 Spreclr-

714 3068 858 3133 gebrauch,
885 3069 951 3121 nach
976 3070 1109 3125 welchem
1137 3075 1240 3126 deside·

713 3138 787 3186 mum
809 3151 892 3204 urspr.
920 3136 966 3189 dee
989 3135 1143 3207 Verlengen
1173 3143 1239 3195 neele

713 3203 818 3256 salchen
837 3219 885 3255 uns
898 3204 1051 3258 wertuollen
1069 3207 1178 3276 Dingen
1196 3210 1239 3263 lte·

712 3271 838 3337 aeichnet,
856 3272 956 3324 welche
968 3272 1017 3325 wir
1033 3275 1137 3329 nicht
1153 3279 1240 3331 anelat·

712 3338 837 3392 besitzen.

749 3408 788 3460 18.
815 3411 848 3457 ut
872 3407 955 3458 libido
981 3410 1025 3461 eit.
1071 3408 1155 3465 Sinn:
1179 3410 1238 3465 ttae

712 3475 799 3525 maclit
817 3475 878 3526 aber
894 3476 1025 3528 zwisalten
1042 3476 1135 3532 libido
1152 3498 1181 3533 n.
1199 3485 1239 3533 in·

712 3542 835 3606 degentia
846 3541 913 3594 auch
923 3542 972 3595 den
982 3542 1169 3610 Unterschied,
1183 3548 1239 3601 dale

708 3610 772 3673 J'ene
790 3611 845 3662 sich
863 3610 909 3662 aul
925 3611 966 3662 ein
982 3611 1135 3681 beliebiges
1150 3616 1239 3669 ersu-

712 3676 758 3728 ket
781 3676 1001 3759 (naapyo'pnpoa),
1017 3679 1143 3799 dalpegen
1166 3684 1238 3737 indi·

710 3748 806 3810 genta'a
829 3747 884 3798 sich
909 3747 956 3798 enl
976 3746 1019 3800 dre
1065 3748 1095 3801 in
1117 3767 1133 3804 e
1155 3753 1238 3805 selbet

712 3813 823 3865 hezieht.
851 3814 921 3866 (iana
934 3814 1037 3882 nehus,
1054 3816 1179 3873 insolam
1190 3822 1238 3875 wir
