2550 4410
121 187 184 246 134
474 185 569 240 nmnn
587 186 618 240 v.
634 188 725 253 noco.
744 189 836 252 nect.

65 377 67 388 ·
120 363 186 422 dem
209 369 305 421 autem
322 360 511 434 Locrensem,
534 359 576 422 sic
600 367 690 421 noctu
713 360 749 420 ad
772 379 820 421 eas
843 358 1017 433 ventitabat,
1042 369 1075 420 ut
1098 358 1194 418 emnia

119 446 323 527 specularetur
338 453 367 506 et
381 453 618 526 perscrutaretur
639 453 717 505 ante.
747 445 867 506 Etcum
883 446 989 507 fossam
1007 444 1097 506 latam
1114 443 1194 504 cubi·

119 532 212 593 culari
234 531 310 591 lecto
333 530 573 592 circumdedisset
594 530 717 610 eiusque
746 531 841 592 fossae
863 531 1018 591 transitum
1042 529 1194 609 ponticulo

119 617 219 695 ligneo
236 616 452 691 coniunxisset,
475 635 542 677 eum
558 616 670 695 ipsum,
693 635 761 676 cum
776 617 871 677 lorem
897 614 1025 676 cubiculi
1042 615 1196 687 clauserat,

120 701 323 780 detorquebat.
353 701 494 780 Idemque
510 720 578 762 cnm
594 701 623 761 in
641 701 849 762 communibus
872 701 1017 781 suggestis
1033 700 1195 762 consistere
1214 708 1225 758 t

68 798 98 848 uu
120 806 181 848 non
198 787 336 860 auderet,
353 786 518 848 contionari
535 806 569 848 ex
584 787 661 848 turri
675 787 732 847 alta
748 786 870 848 solebat.
900 790 996 864 Atque
1011 785 1036 846 is
1052 804 1122 846 cum
1137 785 1195 865 pila

120 873 222 934 ludere
235 872 322 932 vellet
336 906 372 916 -
382 871 512 933 studiose
525 872 604 933 enim
615 872 643 933 id
652 871 802 933 factitabat
812 872 1047 950 -tunicamque
1059 880 1196 950 poneret,

120 957 357 1029 adulescentulo,
387 976 474 1036 quem
497 956 628 1031 amabat,
650 957 804 1019 tradidisse
829 957 957 1036 gladium
980 955 1098 1018 dicitur.
1143 956 1197 1016 llic

119 1062 188 1105 cum
203 1043 321 1122 quidam
337 1042 487 1103 familiaris
509 1043 611 1103 iocans
631 1042 765 1103 dixisset:
787 1034 877 1104 ‘Huic
891 1043 1003 1123 quidem
1017 1053 1092 1103 certe
1106 1045 1196 1103 citum

119 1139 200 1190 tuam
215 1118 397 1199 committis',
413 1127 622 1207 adrisissetque
633 1128 814 1200 adulescens,
831 1136 991 1206 utrumque
1006 1126 1093 1188 iussit
1104 1127 1197 1187 inter·
1217 1138 1239 1189 lt

118 1215 177 1288 fici,
193 1213 327 1284 alterum,
343 1213 411 1292 quia
425 1213 501 1273 viam
513 1213 772 1275 demonstravisset
787 1213 976 1273 interimendi
988 1212 1043 1285 sui,
1059 1212 1194 1289 alterum,

121 1300 188 1377 quia
208 1297 317 1359 dietum
340 1297 370 1358 id
392 1298 454 1358 risu
477 1298 705 1378 approbavisset.
750 1297 846 1376 Atque
869 1317 904 1359 eo
927 1298 1004 1358 lacto
1027 1297 1069 1358 sic
1094 1298 1196 1370 doluit,

120 1382 195 1444 nihil
210 1391 242 1443 ut
256 1383 358 1444 tulerit
378 1383 494 1463 gravius
514 1383 544 1444 in
560 1384 634 1460 vita3
659 1402 746 1463 quem
769 1383 848 1444 enim
869 1383 1060 1444 vehementer
1075 1395 1195 1457 amarat,

120 1469 277 1529 occiderat.
328 1468 376 1530 Sic
398 1468 602 1531 distrahuntur
629 1469 659 1530 in
684 1469 846 1529 contrarias
867 1469 958 1548 partis
985 1469 1195 1547 impotentium

67 1617 103 1672 m
120 1554 312 1633 cupiditates;
329 1572 396 1615 cum
407 1554 480 1700 puio
496 1554 655 1700 obpccutus
669 1554 719 1628 sis,
734 1553 776 1614 illi
792 1563 837 1614 est
851 1553 1090 1698 repiugnandum.
1216 1564 1239 1614 15

234 1658 392 1699 namnam
429 1640 455 1700 ic
496 1639 525 1700 ui
547 1658 593 1700 cm
639 1688 645 1699 ,
679 1658 758 1700 nnus
779 1639 788 1699 i
811 1639 892 1700 sein
913 1639 997 1700 icavit
1034 1657 1135 1699 uame
1184 1649 1197 1700 t

68 1698 96 1748 ⁶1
120 1639 234 1786 beatqu).
261 1658 334 1786 Naiir
346 1743 412 1787 cum
425 1659 542 1804 quidam
554 1743 589 1785 ex
600 1626 920 1796 eiiiipadsentalioribus
936 1657 1100 1799 Damgeles,
1114 1659 1196 1786 misni-

118 1818 298 1871 memoraret
318 1810 349 1870 in
371 1828 508 1871 sermone
530 1811 630 1889 copias
652 1809 729 1884 eius,
752 1829 838 1889 opes,
861 1810 1043 1870 maiestatem
1058 1810 1194 1871 domina-

118 1904 176 1969 tus,
193 1913 292 1955 rerum
308 1895 527 1969 abundantiam,
543 1895 791 1975 magnificentiam
802 1895 918 1956 aedium
930 1894 1088 1974 regiarum,
1104 1915 1195 1976 nega·

119 1989 371 2060 retqueumquam
384 1980 546 2042 beatiorem
558 1999 735 2060 quemquam
747 1981 836 2042 luisse
845 2001 852 2040 ι
861 1973 872 1998 ‘
880 1979 963 2041 Visae
973 1983 1074 2060 iqt'ter,
1087 1981 1194 2060 inquit,
1215 1990 1239 2040 11

119 2065 298 2137 oDomocle,
321 2069 457 2146 quoniam
478 2077 504 2127 te
524 2066 591 2128 boec
611 2070 672 2128 veta
686 2066 816 2137 delectat,
838 2069 897 2145 ipse
919 2085 981 2127 com
1003 2066 1153 2144 deportare
1167 2079 1193 2128 et

120 2153 272 2231 somonam
287 2154 416 2231 reperiri
433 2141 561 2212 1111αωὶ)’
595 2151 667 2212 Cum
683 2170 714 2213 se
730 2151 778 2212 ille
797 2169 908 2229 cupere
929 2150 1065 2224 dixisset,
1088 2152 1192 2213 conlo·

117 2300 221 2366 gehabt.
239 2300 311 2352 Naeh
324 2300 380 2352 dem
394 2299 569 2352 Selbstmorde
582 2301 626 2353 der
677 2305 702 2367 9,
723 2304 769 2355 24:
797 2305 951 2352 constanter
978 2303 1083 2366 quidem
1111 2308 1191 2365 certe,

116 2373 211 2434 ersten,
223 2369 268 2421 der
276 2367 371 2421 lllutter
379 2368 425 2420 des
431 2371 558 2436 jungeren
568 2370 629 2422 Die.
676 2386 702 2422 u.
715 2368 882 2422 verschieden
899 2385 952 2421 ron
969 2369 987 2421 l.
1000 2372 1041 2434 29,
1054 2374 1103 2423 to:
1121 2377 1192 2422 certa

116 2437 222 2505 nysius,
245 2438 368 2490 beiratete
391 2453 418 2489 cr
441 2437 483 2490 die
507 2438 561 2489 bier
582 2453 625 2504 ge·
678 2439 785 2504 quidem
801 2441 831 2487 ia
849 2442 875 2488 te
892 2443 939 2489 est.

116 2511 229 2558 nannten
255 2506 346 2558 beiden
371 2521 403 2557 an
427 2507 531 2558 einem
555 2505 626 2572 Tage
714 2509 754 2559 14.
779 2505 980 2557 distrahuntur:
1009 2506 1130 2573 schlagen
1155 2509 1192 2570 (in

116 2574 183 2638 (Vel.
201 2573 268 2627 Max.
285 2573 327 2626 lX.
348 2577 387 2639 13,
406 2578 456 2626 ext.
473 2578 507 2637 4).
677 2574 717 2625 ihr
743 2573 884 2639 Gegenteil)
912 2590 968 2634 nm;
995 2578 1191 2642 impotentium,

115 2645 234 2762 Iscirem
251 2658 336 2709 mam,
358 2642 399 2694 dic
418 2642 564 2695 Schwester
581 2642 626 2694 des
678 2643 772 2764 wiq5'l,
792 2645 831 2760 ql.
871 2714 881 2759 ι
948 2713 953 2725 .
1001 2709 1018 2760 d
1064 2705 1107 2762 h(
1183 2705 1190 2728 ‚

138 2726 189 2762 ron.
748 2726 913 2762 ,osredus
928 2728 978 2761 ecs:
1019 2727 1063 2763 urc
1114 2726 1174 2764 man

152 2781 175 2830 1.
188 2778 357 2830 Locrermm:
368 2778 493 2830 nuchcri
502 2779 528 2830 in
535 2777 626 2832 Unter·
679 2794 710 2830 zu
729 2779 894 2841 ubersetzen3
912 2779 964 2845 vgl.
982 2778 999 2829 l.
1018 2781 1060 2840 36,
1079 2781 1120 2833 88.

115 2845 212 2897 italien.
715 2848 754 2899 16.
764 2847 897 2897 iudicauit
907 2842 962 2898 ‘hat
974 2848 1029 2899 sein
1041 2846 1120 2898 Urteil
1132 2847 1189 2899 dar-

152 2915 175 2964 2.
197 2914 347 2963 cubicatlare'
366 2913 438 2965 lecto.
475 2914 509 2965 Es
527 2915 561 2967 ist
579 2915 625 2966 das
678 2915 742 2966 tiber
760 2931 790 2965 nu
809 2913 936 2967 erkenneu
962 2908 1094 2981 gegeben'.
1128 2915 1187 2981 Vgl.

116 2979 302 3044 Gebiiudetder
315 2980 449 3046 Pavillon),
464 2982 490 3033 in
501 2983 625 3034 welcbem
679 2983 711 3035 de
730 2982 773 3034 off.
789 2982 828 3036 lll.
847 2985 889 3047 22,
907 2986 953 3036 86:
981 2983 1191 3049 Quemquamne

116 3051 173 3102 sein
185 3048 245 3101 Bett
257 3049 340 3113 stand,
353 3050 474 3114 gemelnt.
492 3049 625 3113 Die'lhdr,
679 3052 786 3117 quidem
803 3053 851 3114 (sc.
868 3053 939 3102 nibil
952 3067 1006 3102 erse
1023 3053 1098 3114 utile,
1117 3054 1190 3118 quod

116 3118 217 3171 welche
231 3133 258 3168 er
269 3117 419 3180 verschlols,
437 3118 504 3169 mnis
516 3118 570 3170 sich
582 3119 627 3170 aul
676 3121 814 3171 honestum
831 3135 887 3170 non
900 3125 974 3184 erret)
992 3137 1008 3170 a
1020 3121 1150 3173 Fabricio
1163 3126 1190 3172 et

117 3187 162 3240 der
180 3188 296 3238 dulseren
310 3184 380 3238 Seite
397 3185 443 3237 des
456 3184 569 3238 Grabens
582 3187 626 3238 be·
676 3205 694 3238 o
711 3192 807 3239 senatu
824 3192 916 3239 nostro
934 3188 1084 3239 iudicatum
1102 3194 1149 3242 est.

116 3255 212 3307 lunden
225 3254 316 3317 haben,
334 3254 386 3306 und
399 3269 426 3306 es
438 3254 473 3306 ist
485 3253 554 3306 diese
565 3254 625 3306 Ein-
713 3258 752 3308 tt.
770 3255 918 3308 Damocles.
937 3255 1024 3322 Vergl.
1035 3256 1094 3309 llor.
1107 3258 1187 3310 Garm.

115 3323 234 3388 richtung
265 3322 336 3374 nicht
366 3323 561 3389 unglanblicher
586 3323 625 3374 als
676 3323 870 3390 lll.1,tlsq.:

117 3392 176 3456 das,
194 3406 248 3442 was
270 3392 333 3442 tiber
356 3391 426 3443 scine
444 3390 556 3443 'l'dchter
573 3390 625 3443 und
710 3392 862 3443 Docte-ictus
876 3395 946 3443 erreis
958 3395 1093 3459 mamper
1104 3397 1188 3461 impio

115 3461 180 3513 uber
198 3459 268 3511 seine
288 3459 472 3523 Gewohnheit,
494 3459 624 3511 offentlich
713 3460 1189 3529 Cerviecpcndat,nonSicacloedoper

113 3541 148 3580 'zu
167 3528 253 3591 reden,
271 3527 369 3578 erzdhlt
386 3526 460 3579 wird.
709 3528 1187 3595 Dulcamelaborabuntcoporemcet.

151 3599 174 3648 4.
193 3599 377 3647 eoniuooeirret
393 3624 426 3632 -
439 3597 624 3662 coniungendo
708 3591 1187 3664 werpire,opes‘Reiebtum,blecht’,

117 3663 625 3729 effecisset3vgl.ll.12‚29:concludunt.
675 3663 754 3715 durch
775 3665 817 3716 die
834 3664 971 3730 folgenden
990 3664 1093 3718 Glieder
1111 3668 1188 3719 niher

152 3736 176 3787 l.
194 3733 364 3798 tunicamque
379 3737 500 3798 poneret,
517 3748 538 3787 s.
551 3733 569 3784 l.
584 3736 624 3798 11,
675 3731 805 3786 erliutert.

118 3805 151 3855 24
170 3815 201 3851 zu
215 3804 297 3865 posui
314 3801 419 3852 librum.
709 3802 750 3852 21.
779 3801 920 3866 degustare
945 3797 1000 3852 ‘zur
1023 3801 1105 3855 Probe
1131 3818 1188 3854 vcr-

152 3871 175 3922 9.
194 3868 262 3919 Huic
274 3869 380 3933 quidem
396 3873 475 3933 certe,
486 3868 537 3920 wie
556 3868 623 3920 oben
674 3862 789 3922 sueben'.
