<?xml version="1.0" encoding="UTF-8"?>
<!DOCTYPE html PUBLIC "-//W3C//DTD XHTML 1.0 Transitional//EN"
    "http://www.w3.org/TR/xhtml1/DTD/xhtml1-transitional.dtd">
<html xmlns="http://www.w3.org/1999/xhtml" xml:lang="en" lang="en">
 <head>
  <title>
</title>
<meta http-equiv="Content-Type" content="text/html;charset=utf-8" />
  <meta name='ocr-system' content='tesseract 3.04.00' />
  <meta name='ocr-capabilities' content='ocr_page ocr_carea ocr_par ocr_line ocrx_word'/>
</head>
<body>
  <div class='ocr_page' id='page_1' title='image "./tusculanarumdis00cicegoog_0069.png"; bbox 0 0 2550 4410; ppageno 0'>
   <div class='ocr_carea' id='block_1_1' title="bbox 159 142 846 208">
    <p class='ocr_par' dir='ltr' id='par_1_1' title="bbox 159 142 846 208">
     <span class='ocr_line' id='line_1_1' title="bbox 159 142 846 208; baseline -0.006 -9"><span class='ocrx_word' id='word_1_1' title='bbox 159 142 200 199; x_wconf 81' lang='grc'><strong>64</strong></span> <span class='ocrx_word' id='word_1_2' title='bbox 315 150 317 153; x_wconf 83' lang='grc'><strong>’</strong></span> <span class='ocrx_word' id='word_1_3' title='bbox 537 142 632 194; x_wconf 83' lang='lat' dir='ltr'>LIBER</span> <span class='ocrx_word' id='word_1_4' title='bbox 649 143 666 196; x_wconf 93' lang='grc'><strong>1.</strong></span> <span class='ocrx_word' id='word_1_5' title='bbox 686 146 727 208; x_wconf 77' lang='lat' dir='ltr'><strong>tt,</strong></span> <span class='ocrx_word' id='word_1_6' title='bbox 745 145 786 196; x_wconf 78' lang='lat'><strong>58.</strong></span> <span class='ocrx_word' id='word_1_7' title='bbox 805 146 846 197; x_wconf 74' lang='lat'><strong>59.</strong></span> 
     </span>
    </p>
   </div>
   <div class='ocr_carea' id='block_1_2' title="bbox 110 312 1267 1495">
    <p class='ocr_par' dir='ltr' id='par_1_2' title="bbox 157 312 1244 817">
     <span class='ocr_line' id='line_1_2' title="bbox 158 312 1224 393; baseline -0.002 -19"><span class='ocrx_word' id='word_1_8' title='bbox 158 313 231 374; x_wconf 89' lang='lat' dir='ltr'><strong>locis</strong></span> <span class='ocrx_word' id='word_1_9' title='bbox 245 330 261 372; x_wconf 91' lang='lat' dir='ltr'><strong>a</strong></span> <span class='ocrx_word' id='word_1_10' title='bbox 277 313 400 374; x_wconf 89' lang='lat' dir='ltr'><strong>Platone</strong></span> <span class='ocrx_word' id='word_1_11' title='bbox 412 313 565 374; x_wconf 84' lang='lat' dir='ltr'><strong>disseritur</strong></span> <span class='ocrx_word' id='word_1_12' title='bbox 579 348 622 359; x_wconf 94' lang='lat'>—</span> <span class='ocrx_word' id='word_1_13' title='bbox 636 314 711 375; x_wconf 92' lang='lat' dir='ltr'>nihil</span> <span class='ocrx_word' id='word_1_14' title='bbox 722 314 802 375; x_wconf 87' lang='lat' dir='ltr'><strong>enim</strong></span> <span class='ocrx_word' id='word_1_15' title='bbox 815 314 863 375; x_wconf 93' lang='lat' dir='ltr'><strong>ille</strong></span> <span class='ocrx_word' id='word_1_16' title='bbox 877 322 962 393; x_wconf 90' lang='lat' dir='ltr'><strong>putat</strong></span> <span class='ocrx_word' id='word_1_17' title='bbox 976 331 1041 374; x_wconf 89' lang='lat' dir='ltr'><strong>esse</strong></span> <span class='ocrx_word' id='word_1_18' title='bbox 1057 312 1140 392; x_wconf 83' lang='lat' dir='ltr'><strong>quod</strong></span> <span class='ocrx_word' id='word_1_19' title='bbox 1155 313 1224 373; x_wconf 89' lang='lat' dir='ltr'><strong>oria·</strong></span> 
     </span>
     <span class='ocr_line' id='line_1_3' title="bbox 159 397 1223 479; baseline 0 -20"><span class='ocrx_word' id='word_1_20' title='bbox 159 408 208 459; x_wconf 89' lang='lat' dir='ltr'><strong>tur</strong></span> <span class='ocrx_word' id='word_1_21' title='bbox 220 407 248 458; x_wconf 90' lang='lat' dir='ltr'><strong>et</strong></span> <span class='ocrx_word' id='word_1_22' title='bbox 259 398 394 472; x_wconf 89' lang='lat' dir='ltr'><strong>intereat,</strong></span> <span class='ocrx_word' id='word_1_23' title='bbox 410 398 499 477; x_wconf 92' lang='lat' dir='ltr'><strong>idque</strong></span> <span class='ocrx_word' id='word_1_24' title='bbox 511 398 607 460; x_wconf 89' lang='lat' dir='ltr'><strong>solum</strong></span> <span class='ocrx_word' id='word_1_25' title='bbox 617 418 693 474; x_wconf 91' lang='lat' dir='ltr'><strong>esse,</strong></span> <span class='ocrx_word' id='word_1_26' title='bbox 710 399 789 478; x_wconf 94' lang='lat' dir='ltr'><strong>quod</strong></span> <span class='ocrx_word' id='word_1_27' title='bbox 805 417 922 479; x_wconf 83' lang='lat' dir='ltr'><strong>semper</strong></span> <span class='ocrx_word' id='word_1_28' title='bbox 938 398 994 458; x_wconf 88' lang='lat' dir='ltr'><strong>tale</strong></span> <span class='ocrx_word' id='word_1_29' title='bbox 1005 397 1053 473; x_wconf 90' lang='lat' dir='ltr'><strong>sit,</strong></span> <span class='ocrx_word' id='word_1_30' title='bbox 1071 397 1158 476; x_wconf 90' lang='lat' dir='ltr'><strong>quale</strong></span> <span class='ocrx_word' id='word_1_31' title='bbox 1173 408 1223 473; x_wconf 86' lang='lat' dir='ltr'><strong>est;</strong></span> 
     </span>
     <span class='ocr_line' id='line_1_4' title="bbox 160 479 1223 563; baseline -0.002 -18"><span class='ocrx_word' id='word_1_32' title='bbox 160 479 251 546; x_wconf 80' lang='grc' dir='ltr'><strong><em>ἰδέαν</em></strong></span> <span class='ocrx_word' id='word_1_33' title='bbox 272 483 399 562; x_wconf 91' lang='lat' dir='ltr'><strong>appellat</strong></span> <span class='ocrx_word' id='word_1_34' title='bbox 414 482 479 557; x_wconf 91' lang='lat' dir='ltr'><strong>ille,</strong></span> <span class='ocrx_word' id='word_1_35' title='bbox 502 502 556 544; x_wconf 93' lang='lat' dir='ltr'><strong>nos</strong></span> <span class='ocrx_word' id='word_1_36' title='bbox 572 484 701 563; x_wconf 90' lang='lat' dir='ltr'><strong>speciem</strong></span> <span class='ocrx_word' id='word_1_37' title='bbox 717 519 774 558; x_wconf 91' lang='lat'><strong>-,</strong></span> <span class='ocrx_word' id='word_1_38' title='bbox 791 503 851 544; x_wconf 94' lang='lat' dir='ltr'><strong>non</strong></span> <span class='ocrx_word' id='word_1_39' title='bbox 867 483 965 562; x_wconf 88' lang='lat' dir='ltr'><strong>potuit</strong></span> <span class='ocrx_word' id='word_1_40' title='bbox 980 483 1099 543; x_wconf 90' lang='lat' dir='ltr'><strong>animus</strong></span> <span class='ocrx_word' id='word_1_41' title='bbox 1113 483 1186 543; x_wconf 91' lang='lat' dir='ltr'><strong>haec</strong></span> <span class='ocrx_word' id='word_1_42' title='bbox 1199 483 1223 543; x_wconf 90' lang='lat' dir='ltr'><strong>in</strong></span> 
     </span>
     <span class='ocr_line' id='line_1_5' title="bbox 158 567 1223 648; baseline -0.001 -20"><span class='ocrx_word' id='word_1_43' title='bbox 158 586 284 645; x_wconf 90' lang='lat' dir='ltr'><strong>corpore</strong></span> <span class='ocrx_word' id='word_1_44' title='bbox 292 567 425 629; x_wconf 87' lang='lat' dir='ltr'><strong>inclusus</strong></span> <span class='ocrx_word' id='word_1_45' title='bbox 431 569 622 645; x_wconf 84' lang='lat' dir='ltr'><strong>adgnoscere,</strong></span> <span class='ocrx_word' id='word_1_46' title='bbox 636 569 753 648; x_wconf 83' lang='lat' dir='ltr'><strong>cognita</strong></span> <span class='ocrx_word' id='word_1_47' title='bbox 765 569 877 629; x_wconf 90' lang='lat' dir='ltr'><strong>attulit:</strong></span> <span class='ocrx_word' id='word_1_48' title='bbox 890 587 925 629; x_wconf 84' lang='lat' dir='ltr'><strong>ex</strong></span> <span class='ocrx_word' id='word_1_49' title='bbox 937 577 1063 647; x_wconf 92' lang='lat' dir='ltr'><strong>quotam</strong></span> <span class='ocrx_word' id='word_1_50' title='bbox 1073 568 1223 628; x_wconf 89' lang='lat' dir='ltr'><strong>multarum</strong></span> 
     </span>
     <span class='ocr_line' id='line_1_6' title="bbox 157 653 1244 731; baseline -0.002 -18"><span class='ocrx_word' id='word_1_51' title='bbox 157 671 257 713; x_wconf 90' lang='lat' dir='ltr'><strong>rerum</strong></span> <span class='ocrx_word' id='word_1_52' title='bbox 280 653 458 731; x_wconf 80' lang='lat' dir='ltr'><strong>cognitionis</strong></span> <span class='ocrx_word' id='word_1_53' title='bbox 481 653 634 714; x_wconf 90' lang='lat' dir='ltr'><strong>admiratio</strong></span> <span class='ocrx_word' id='word_1_54' title='bbox 653 654 776 714; x_wconf 87' lang='lat' dir='ltr'><strong>tollitur.</strong></span> <span class='ocrx_word' id='word_1_55' title='bbox 805 654 909 730; x_wconf 86' lang='lat' dir='ltr'><strong>Neque</strong></span> <span class='ocrx_word' id='word_1_56' title='bbox 924 671 958 713; x_wconf 90' lang='lat' dir='ltr'><strong>ea</strong></span> <span class='ocrx_word' id='word_1_57' title='bbox 972 653 1062 731; x_wconf 91' lang='lat' dir='ltr'><strong>plane</strong></span> <span class='ocrx_word' id='word_1_58' title='bbox 1077 653 1158 714; x_wconf 84' lang='lat' dir='ltr'><strong>videt</strong></span> <span class='ocrx_word' id='word_1_59' title='bbox 1170 653 1244 713; x_wconf 89' lang='lat' dir='ltr'><strong>ani-t</strong></span> 
     </span>
     <span class='ocr_line' id='line_1_7' title="bbox 157 737 1224 817; baseline 0.001 -21"><span class='ocrx_word' id='word_1_60' title='bbox 157 756 239 812; x_wconf 93' lang='lat' dir='ltr'><strong>mus,</strong></span> <span class='ocrx_word' id='word_1_61' title='bbox 262 748 470 817; x_wconf 83' lang='lat' dir='ltr'><strong>cumrepeute</strong></span> <span class='ocrx_word' id='word_1_62' title='bbox 486 738 516 798; x_wconf 95' lang='lat' dir='ltr'><strong>in</strong></span> <span class='ocrx_word' id='word_1_63' title='bbox 533 748 593 798; x_wconf 92' lang='lat' dir='ltr'><strong>tam</strong></span> <span class='ocrx_word' id='word_1_64' title='bbox 608 737 759 799; x_wconf 90' lang='lat' dir='ltr'><strong>insolitum</strong></span> <span class='ocrx_word' id='word_1_65' title='bbox 775 746 894 815; x_wconf 88' lang='lat' dir='ltr'><strong>tamque</strong></span> <span class='ocrx_word' id='word_1_66' title='bbox 914 737 1124 817; x_wconf 88' lang='lat' dir='ltr'><strong>perturbatum</strong></span> <span class='ocrx_word' id='word_1_67' title='bbox 1139 737 1224 798; x_wconf 92' lang='lat' dir='ltr'><strong>domi·</strong></span> 
     </span>
    </p>

    <p class='ocr_par' dir='ltr' id='par_1_3' title="bbox 116 822 1225 983">
     <span class='ocr_line' id='line_1_8' title="bbox 116 822 1225 901; baseline 0 -19"><span class='ocrx_word' id='word_1_68' title='bbox 116 891 118 895; x_wconf 48' lang='grc'><strong>,</strong></span> <span class='ocrx_word' id='word_1_69' title='bbox 158 822 256 882; x_wconf 89' lang='lat' dir='ltr'><strong>cilium</strong></span> <span class='ocrx_word' id='word_1_70' title='bbox 285 822 466 900; x_wconf 82' lang='lat' dir='ltr'><strong>inmigravit,</strong></span> <span class='ocrx_word' id='word_1_71' title='bbox 488 822 559 896; x_wconf 90' lang='lat' dir='ltr'><strong>sed,</strong></span> <span class='ocrx_word' id='word_1_72' title='bbox 583 842 651 883; x_wconf 93' lang='lat' dir='ltr'><strong>cum</strong></span> <span class='ocrx_word' id='word_1_73' title='bbox 673 841 704 884; x_wconf 90' lang='lat' dir='ltr'><strong>se</strong></span> <span class='ocrx_word' id='word_1_74' title='bbox 726 823 856 900; x_wconf 83' lang='lat' dir='ltr'><strong>conlegit</strong></span> <span class='ocrx_word' id='word_1_75' title='bbox 877 831 965 901; x_wconf 91' lang='lat' dir='ltr'><strong>atque</strong></span> <span class='ocrx_word' id='word_1_76' title='bbox 987 823 1149 898; x_wconf 83' lang='lat' dir='ltr'><strong>recreavit,</strong></span> <span class='ocrx_word' id='word_1_77' title='bbox 1171 832 1225 882; x_wconf 92' lang='lat' dir='ltr'><strong>tum</strong></span> 
     </span>
     <span class='ocr_line' id='line_1_9' title="bbox 160 906 1225 983; baseline -0.001 -16"><span class='ocrx_word' id='word_1_78' title='bbox 160 906 313 983; x_wconf 77' lang='lat' dir='ltr'><strong>adgnoscit</strong></span> <span class='ocrx_word' id='word_1_79' title='bbox 324 906 372 966; x_wconf 87' lang='lat' dir='ltr'><strong>illa</strong></span> <span class='ocrx_word' id='word_1_80' title='bbox 384 906 613 967; x_wconf 91' lang='lat' dir='ltr'><strong>reminiscendo.</strong></span> <span class='ocrx_word' id='word_1_81' title='bbox 640 908 682 968; x_wconf 93' lang='lat' dir='ltr'><strong>Ita</strong></span> <span class='ocrx_word' id='word_1_82' title='bbox 694 907 768 968; x_wconf 92' lang='lat' dir='ltr'><strong>nihil</strong></span> <span class='ocrx_word' id='word_1_83' title='bbox 783 917 828 968; x_wconf 92' lang='lat' dir='ltr'><strong>est</strong></span> <span class='ocrx_word' id='word_1_84' title='bbox 839 908 917 968; x_wconf 89' lang='lat' dir='ltr'><strong>aliud</strong></span> <span class='ocrx_word' id='word_1_85' title='bbox 932 907 1044 968; x_wconf 90' lang='lat' dir='ltr'><strong>discere</strong></span> <span class='ocrx_word' id='word_1_86' title='bbox 1060 907 1119 969; x_wconf 87' lang='lat' dir='ltr'><strong>nisi</strong></span> <span class='ocrx_word' id='word_1_87' title='bbox 1133 926 1225 968; x_wconf 91' lang='lat' dir='ltr'><strong>recor·</strong></span> 
     </span>
    </p>

    <p class='ocr_par' dir='ltr' id='par_1_4' title="bbox 110 991 1267 1495">
     <span class='ocr_line' id='line_1_10' title="bbox 110 991 1225 1071; baseline -0.002 -17"><span class='ocrx_word' id='word_1_88' title='bbox 110 1005 140 1054; x_wconf 74' lang='lat'><strong>59</strong></span> <span class='ocrx_word' id='word_1_89' title='bbox 161 991 233 1050; x_wconf 91' lang='lat' dir='ltr'><strong>dari.</strong></span> <span class='ocrx_word' id='word_1_90' title='bbox 263 991 326 1069; x_wconf 85' lang='lat' dir='ltr'><strong>Ego</strong></span> <span class='ocrx_word' id='word_1_91' title='bbox 338 1000 437 1051; x_wconf 93' lang='lat' dir='ltr'><strong>autem</strong></span> <span class='ocrx_word' id='word_1_92' title='bbox 448 991 558 1053; x_wconf 89' lang='lat' dir='ltr'><strong>maiore</strong></span> <span class='ocrx_word' id='word_1_93' title='bbox 571 992 656 1052; x_wconf 89' lang='lat' dir='ltr'><strong>etiam</strong></span> <span class='ocrx_word' id='word_1_94' title='bbox 670 993 796 1071; x_wconf 93' lang='lat' dir='ltr'><strong>quodam</strong></span> <span class='ocrx_word' id='word_1_95' title='bbox 808 994 895 1053; x_wconf 93' lang='lat' dir='ltr'><strong>modo</strong></span> <span class='ocrx_word' id='word_1_96' title='bbox 908 991 1082 1053; x_wconf 85' lang='lat' dir='ltr'><strong>memoriam</strong></span> <span class='ocrx_word' id='word_1_97' title='bbox 1094 993 1225 1052; x_wconf 89' lang='lat' dir='ltr'><strong>admiror.</strong></span> 
     </span>
     <span class='ocr_line' id='line_1_11' title="bbox 161 1062 1267 1156; baseline 0.002 -21"><span class='ocrx_word' id='word_1_98' title='bbox 161 1075 238 1145; x_wconf 86' lang='lat' dir='ltr'><strong>Quid</strong></span> <span class='ocrx_word' id='word_1_99' title='bbox 262 1085 306 1135; x_wconf 88' lang='lat' dir='ltr'><strong>est</strong></span> <span class='ocrx_word' id='word_1_100' title='bbox 328 1075 406 1136; x_wconf 89' lang='lat' dir='ltr'><strong>enim</strong></span> <span class='ocrx_word' id='word_1_101' title='bbox 422 1076 509 1149; x_wconf 89' lang='lat' dir='ltr'><strong>illud,</strong></span> <span class='ocrx_word' id='word_1_102' title='bbox 531 1095 590 1154; x_wconf 88' lang='lat' dir='ltr'><strong>quo</strong></span> <span class='ocrx_word' id='word_1_103' title='bbox 606 1077 809 1151; x_wconf 90' lang='lat' dir='ltr'><strong>meminimus,</strong></span> <span class='ocrx_word' id='word_1_104' title='bbox 833 1086 883 1137; x_wconf 90' lang='lat' dir='ltr'><strong>aut</strong></span> <span class='ocrx_word' id='word_1_105' title='bbox 898 1095 986 1156; x_wconf 91' lang='lat' dir='ltr'><strong>quam</strong></span> <span class='ocrx_word' id='word_1_106' title='bbox 1000 1076 1091 1137; x_wconf 86' lang='lat' dir='ltr'><strong>hahet</strong></span> <span class='ocrx_word' id='word_1_107' title='bbox 1106 1062 1170 1142; x_wconf 63' lang='lat' dir='ltr'><strong>irim</strong></span> <span class='ocrx_word' id='word_1_108' title='bbox 1184 1085 1226 1138; x_wconf 88' lang='lat' dir='ltr'><strong>aut</strong></span> <span class='ocrx_word' id='word_1_109' title='bbox 1266 1110 1267 1113; x_wconf 16' lang='grc' dir='ltr'><strong>κ</strong></span> 
     </span>
     <span class='ocr_line' id='line_1_12' title="bbox 162 1158 1226 1240; baseline 0.004 -22"><span class='ocrx_word' id='word_1_110' title='bbox 162 1160 239 1219; x_wconf 91' lang='lat' dir='ltr'><strong>unde</strong></span> <span class='ocrx_word' id='word_1_111' title='bbox 256 1158 376 1220; x_wconf 81' lang='lat' dir='ltr'><strong>natam?</strong></span> <span class='ocrx_word' id='word_1_112' title='bbox 404 1161 470 1220; x_wconf 88' lang='lat' dir='ltr'><strong>Non</strong></span> <span class='ocrx_word' id='word_1_113' title='bbox 486 1179 597 1240; x_wconf 83' lang='lat' dir='ltr'><strong>quaero</strong></span> <span class='ocrx_word' id='word_1_114' title='bbox 613 1172 723 1240; x_wconf 89' lang='lat' dir='ltr'><strong>quanta</strong></span> <span class='ocrx_word' id='word_1_115' title='bbox 742 1162 884 1222; x_wconf 91' lang='lat' dir='ltr'><strong>memoria</strong></span> <span class='ocrx_word' id='word_1_116' title='bbox 900 1162 1068 1222; x_wconf 88' lang='lat' dir='ltr'><strong>Simonides</strong></span> <span class='ocrx_word' id='word_1_117' title='bbox 1083 1162 1175 1223; x_wconf 84' lang='lat' dir='ltr'><strong>fuisse</strong></span> <span class='ocrx_word' id='word_1_118' title='bbox 1189 1161 1226 1234; x_wconf 89' lang='lat' dir='ltr'><strong>di·</strong></span> 
     </span>
     <span class='ocr_line' id='line_1_13' title="bbox 160 1245 1226 1325; baseline 0.002 -21"><span class='ocrx_word' id='word_1_119' title='bbox 160 1254 252 1318; x_wconf 91' lang='lat' dir='ltr'><strong>catur,</strong></span> <span class='ocrx_word' id='word_1_120' title='bbox 270 1254 378 1322; x_wconf 86' lang='lat' dir='ltr'><strong>quanta</strong></span> <span class='ocrx_word' id='word_1_121' title='bbox 394 1245 586 1320; x_wconf 68' lang='lat' dir='ltr'><strong>Theodectes</strong></span> <span class='ocrx_word' id='word_1_122' title='bbox 602 1257 713 1325; x_wconf 88' lang='lat' dir='ltr'><strong>quanta</strong></span> <span class='ocrx_word' id='word_1_123' title='bbox 728 1247 762 1321; x_wconf 88' lang='lat' dir='ltr'><strong>is,</strong></span> <span class='ocrx_word' id='word_1_124' title='bbox 778 1247 829 1325; x_wconf 89' lang='lat' dir='ltr'><strong>qui</strong></span> <span class='ocrx_word' id='word_1_125' title='bbox 846 1266 862 1307; x_wconf 95' lang='lat' dir='ltr'><strong>a</strong></span> <span class='ocrx_word' id='word_1_126' title='bbox 877 1247 993 1325; x_wconf 83' lang='lat' dir='ltr'><strong>Pyrrho</strong></span> <span class='ocrx_word' id='word_1_127' title='bbox 1008 1247 1123 1325; x_wconf 85' lang='lat' dir='ltr'><strong>legatus</strong></span> <span class='ocrx_word' id='word_1_128' title='bbox 1137 1247 1173 1307; x_wconf 92' lang='lat' dir='ltr'><strong>ad</strong></span> <span class='ocrx_word' id='word_1_129' title='bbox 1187 1265 1226 1308; x_wconf 80' lang='lat' dir='ltr'><strong>se</strong></span> 
     </span>
     <span class='ocr_line' id='line_1_14' title="bbox 161 1330 1227 1410; baseline 0.001 -21"><span class='ocrx_word' id='word_1_130' title='bbox 161 1338 263 1390; x_wconf 89' lang='lat' dir='ltr'><strong>natum</strong></span> <span class='ocrx_word' id='word_1_131' title='bbox 282 1337 326 1389; x_wconf 90' lang='lat' dir='ltr'><strong>est</strong></span> <span class='ocrx_word' id='word_1_132' title='bbox 340 1330 455 1403; x_wconf 90' lang='lat' dir='ltr'><strong>missus,</strong></span> <span class='ocrx_word' id='word_1_133' title='bbox 480 1330 593 1405; x_wconf 87' lang='lat' dir='ltr'><strong>Cineas,</strong></span> <span class='ocrx_word' id='word_1_134' title='bbox 614 1341 725 1410; x_wconf 90' lang='lat' dir='ltr'><strong>quanta</strong></span> <span class='ocrx_word' id='word_1_135' title='bbox 736 1350 833 1410; x_wconf 88' lang='lat' dir='ltr'><strong>nuper</strong></span> <span class='ocrx_word' id='word_1_136' title='bbox 845 1331 1031 1406; x_wconf 88' lang='lat' dir='ltr'><strong>Charmadas,</strong></span> <span class='ocrx_word' id='word_1_137' title='bbox 1049 1340 1168 1409; x_wconf 91' lang='lat' dir='ltr'><strong>quanta,</strong></span> <span class='ocrx_word' id='word_1_138' title='bbox 1184 1330 1227 1410; x_wconf 85' lang='lat' dir='ltr'><strong>qui</strong></span> 
     </span>
     <span class='ocr_line' id='line_1_15' title="bbox 161 1413 1226 1495; baseline 0 -21"><span class='ocrx_word' id='word_1_139' title='bbox 161 1414 249 1474; x_wconf 92' lang='lat' dir='ltr'><strong>modo</strong></span> <span class='ocrx_word' id='word_1_140' title='bbox 266 1414 330 1488; x_wconf 82' lang='lat' dir='ltr'><strong>fuit,</strong></span> <span class='ocrx_word' id='word_1_141' title='bbox 357 1413 495 1493; x_wconf 86' lang='lat' dir='ltr'><strong>Scepsius</strong></span> <span class='ocrx_word' id='word_1_142' title='bbox 510 1415 712 1491; x_wconf 77' lang='lat' dir='ltr'><strong>MetrodoruS,</strong></span> <span class='ocrx_word' id='word_1_143' title='bbox 734 1425 843 1495; x_wconf 91' lang='lat' dir='ltr'><strong>quanta</strong></span> <span class='ocrx_word' id='word_1_144' title='bbox 859 1424 961 1477; x_wconf 89' lang='lat' dir='ltr'><strong>noster</strong></span> <span class='ocrx_word' id='word_1_145' title='bbox 977 1416 1174 1493; x_wconf 81' lang='lat' dir='ltr'><strong>Hortensius3</strong></span> <span class='ocrx_word' id='word_1_146' title='bbox 1198 1414 1226 1475; x_wconf 91' lang='lat' dir='ltr'><strong>de</strong></span> 
     </span>
    </p>
   </div>
   <div class='ocr_carea' id='block_1_3' title="bbox 87 1562 1237 3861">
    <p class='ocr_par' dir='ltr' id='par_1_5' title="bbox 158 1562 1229 1985">
     <span class='ocr_line' id='line_1_16' title="bbox 159 1562 1227 1630; baseline 0.002 -16"><span class='ocrx_word' id='word_1_147' title='bbox 159 1562 670 1630; x_wconf 76' lang='lat' dir='ltr'><strong>deriusseranehrnehmungnureine</strong></span> <span class='ocrx_word' id='word_1_148' title='bbox 722 1562 1227 1629; x_wconf 83' lang='lat' dir='ltr'><strong>Kleinasien,Schhlerdeslsokratesund</strong></span> 
     </span>
     <span class='ocr_line' id='line_1_17' title="bbox 159 1630 1227 1698; baseline 0.003 -17"><span class='ocrx_word' id='word_1_149' title='bbox 159 1630 321 1698; x_wconf 81' lang='lat' dir='ltr'><strong>Wandeluug</strong></span> <span class='ocrx_word' id='word_1_150' title='bbox 333 1634 413 1698; x_wconf 67' lang='lat' dir='ltr'><strong>(ordia</strong></span> <span class='ocrx_word' id='word_1_151' title='bbox 425 1633 476 1684; x_wconf 91' lang='lat' dir='ltr'><strong>und</strong></span> <span class='ocrx_word' id='word_1_152' title='bbox 484 1635 606 1696; x_wconf 81' lang='lat' dir='ltr'><strong>interire)</strong></span> <span class='ocrx_word' id='word_1_153' title='bbox 619 1633 670 1685; x_wconf 92' lang='lat' dir='ltr'><strong>und</strong></span> <span class='ocrx_word' id='word_1_154' title='bbox 722 1632 889 1695; x_wconf 83' lang='lat' dir='ltr'><strong>Aristotcies‚</strong></span> <span class='ocrx_word' id='word_1_155' title='bbox 917 1631 954 1684; x_wconf 85' lang='lat' dir='ltr'><strong>als</strong></span> <span class='ocrx_word' id='word_1_156' title='bbox 982 1631 1083 1684; x_wconf 82' lang='lat' dir='ltr'><strong>Retinet</strong></span> <span class='ocrx_word' id='word_1_157' title='bbox 1109 1633 1227 1685; x_wconf 75' lang='lat' dir='ltr'><strong>berdhnrt</strong></span> 
     </span>
     <span class='ocr_line' id='line_1_18' title="bbox 159 1698 1229 1766; baseline 0.003 -17"><span class='ocrx_word' id='word_1_158' title='bbox 159 1698 205 1764; x_wconf 73' lang='lat' dir='ltr'><strong>das</strong></span> <span class='ocrx_word' id='word_1_159' title='bbox 216 1698 275 1750; x_wconf 84' lang='lat' dir='ltr'><strong>Scin</strong></span> <span class='ocrx_word' id='word_1_160' title='bbox 288 1700 337 1752; x_wconf 87' lang='lat' dir='ltr'><strong>den</strong></span> <span class='ocrx_word' id='word_1_161' title='bbox 349 1699 424 1752; x_wconf 83' lang='lat' dir='ltr'><strong>idcen</strong></span> <span class='ocrx_word' id='word_1_162' title='bbox 438 1701 516 1752; x_wconf 83' lang='lat' dir='ltr'><strong>allein</strong></span> <span class='ocrx_word' id='word_1_163' title='bbox 528 1702 670 1753; x_wconf 83' lang='lat' dir='ltr'><strong>zuschrieh.</strong></span> <span class='ocrx_word' id='word_1_164' title='bbox 722 1699 780 1765; x_wconf 86' lang='lat' dir='ltr'>Vgl.</span> <span class='ocrx_word' id='word_1_165' title='bbox 794 1699 897 1760; x_wconf 81' lang='lat' dir='ltr'><strong>Quintil.</strong></span> <span class='ocrx_word' id='word_1_166' title='bbox 910 1700 951 1764; x_wconf 81' lang='lat' dir='ltr'><strong>xl,</strong></span> <span class='ocrx_word' id='word_1_167' title='bbox 965 1702 989 1766; x_wconf 84' lang='lat'><strong>2,</strong></span> <span class='ocrx_word' id='word_1_168' title='bbox 1001 1703 1047 1752; x_wconf 79' lang='lat'><strong>51:</strong></span> <span class='ocrx_word' id='word_1_169' title='bbox 1067 1700 1141 1764; x_wconf 76' lang='lat' dir='ltr'><strong>Quia</strong></span> <span class='ocrx_word' id='word_1_170' title='bbox 1158 1699 1229 1752; x_wconf 72' lang='lat' dir='ltr'><strong>senui</strong></span> 
     </span>
     <span class='ocr_line' id='line_1_19' title="bbox 158 1765 1229 1834; baseline 0.003 -17"><span class='ocrx_word' id='word_1_171' title='bbox 158 1765 285 1833; x_wconf 79' lang='lat' dir='ltr'><strong>Uhrigeus</strong></span> <span class='ocrx_word' id='word_1_172' title='bbox 309 1768 408 1820; x_wconf 78' lang='lat' dir='ltr'><strong>enthilt</strong></span> <span class='ocrx_word' id='word_1_173' title='bbox 430 1768 514 1820; x_wconf 88' lang='lat' dir='ltr'><strong>dieser</strong></span> <span class='ocrx_word' id='word_1_174' title='bbox 538 1767 597 1820; x_wconf 90' lang='lat' dir='ltr'><strong>Satz</strong></span> <span class='ocrx_word' id='word_1_175' title='bbox 622 1769 671 1820; x_wconf 89' lang='lat' dir='ltr'><strong>den</strong></span> <span class='ocrx_word' id='word_1_176' title='bbox 722 1769 830 1819; x_wconf 78' lang='lat' dir='ltr'><strong>auditos</strong></span> <span class='ocrx_word' id='word_1_177' title='bbox 855 1769 1001 1834; x_wconf 76' lang='lat' dir='ltr'><strong>quamlibet</strong></span> <span class='ocrx_word' id='word_1_178' title='bbox 1025 1769 1123 1820; x_wconf 76' lang='lat' dir='ltr'><strong>maltos</strong></span> <span class='ocrx_word' id='word_1_179' title='bbox 1148 1783 1229 1820; x_wconf 69' lang='lat' dir='ltr'><strong>emma</strong></span> 
     </span>
     <span class='ocr_line' id='line_1_20' title="bbox 160 1834 1229 1901; baseline 0.002 -15"><span class='ocrx_word' id='word_1_180' title='bbox 160 1837 269 1888; x_wconf 86' lang='lat' dir='ltr'><strong>zwciten</strong></span> <span class='ocrx_word' id='word_1_181' title='bbox 282 1835 340 1887; x_wconf 86' lang='lat' dir='ltr'><strong>Teii</strong></span> <span class='ocrx_word' id='word_1_182' title='bbox 358 1835 403 1888; x_wconf 88' lang='lat' dir='ltr'><strong>des</strong></span> <span class='ocrx_word' id='word_1_183' title='bbox 423 1836 603 1888; x_wconf 87' lang='lat' dir='ltr'><strong>Platonischen</strong></span> <span class='ocrx_word' id='word_1_184' title='bbox 623 1834 672 1888; x_wconf 90' lang='lat' dir='ltr'><strong>Be-</strong></span> <span class='ocrx_word' id='word_1_185' title='bbox 720 1840 846 1901; x_wconf 80' lang='lat' dir='ltr'><strong>protinas</strong></span> <span class='ocrx_word' id='word_1_186' title='bbox 869 1837 971 1887; x_wconf 80' lang='lat' dir='ltr'><strong>dicitur</strong></span> <span class='ocrx_word' id='word_1_187' title='bbox 987 1836 1138 1888; x_wconf 53' lang='lat' dir='ltr'><strong>reddidisse</strong></span> <span class='ocrx_word' id='word_1_188' title='bbox 1158 1835 1229 1888; x_wconf 67' lang='lat' dir='ltr'><strong>aare</strong></span> 
     </span>
     <span class='ocr_line' id='line_1_21' title="bbox 159 1903 1099 1985; baseline -0.002 -30"><span class='ocrx_word' id='word_1_189' title='bbox 159 1904 252 1985; x_wconf 58' lang='lat' dir='ltr'><strong>moises</strong></span> <span class='ocrx_word' id='word_1_190' title='bbox 270 1903 425 1982; x_wconf 66' lang='lat' dir='ltr'><strong>defundere</strong></span> <span class='ocrx_word' id='word_1_191' title='bbox 438 1904 483 1959; x_wconf 87' lang='lat' dir='ltr'><strong>das</strong></span> <span class='ocrx_word' id='word_1_192' title='bbox 498 1903 672 1956; x_wconf 86' lang='lat' dir='ltr'><strong>Wisseneine</strong></span> <span class='ocrx_word' id='word_1_193' title='bbox 723 1904 815 1956; x_wconf 84' lang='lat' dir='ltr'><strong>deotee.</strong></span> <span class='ocrx_word' id='word_1_194' title='bbox 1093 1971 1099 1983; x_wconf 37' lang='lat'><em>¹</em></span> 
     </span>
    </p>

    <p class='ocr_par' dir='ltr' id='par_1_6' title="bbox 159 1970 1231 2376">
     <span class='ocr_line' id='line_1_22' title="bbox 159 1970 1229 2106; baseline 0.001 -18"><span class='ocrx_word' id='word_1_195' title='bbox 159 1970 611 2101; x_wconf 60' lang='lat' dir='ltr'><strong>ttrtttttthdtttthihi</strong></span> <span class='ocrx_word' id='word_1_196' title='bbox 625 1972 671 2090; x_wconf 66' lang='grc'><strong>11</strong></span> <span class='ocrx_word' id='word_1_197' title='bbox 723 1970 1229 2106; x_wconf 51' lang='lat' dir='ltr'><strong>nihi‘iia‘hi&#39;h{diffidit‘hii</strong></span> 
     </span>
     <span class='ocr_line' id='line_1_23' title="bbox 161 2103 1230 2173; baseline 0.003 -18"><span class='ocrx_word' id='word_1_198' title='bbox 161 2103 240 2157; x_wconf 87' lang='lat' dir='ltr'><strong>durch</strong></span> <span class='ocrx_word' id='word_1_199' title='bbox 258 2105 299 2156; x_wconf 89' lang='lat' dir='ltr'><strong>die</strong></span> <span class='ocrx_word' id='word_1_200' title='bbox 314 2105 456 2157; x_wconf 87' lang='lat' dir='ltr'><strong>sinniichen</strong></span> <span class='ocrx_word' id='word_1_201' title='bbox 469 2105 671 2158; x_wconf 89' lang='lat' dir='ltr'><strong>Wahrnehmun·</strong></span> <span class='ocrx_word' id='word_1_202' title='bbox 724 2106 782 2158; x_wconf 81' lang='lat' dir='ltr'><strong>San.</strong></span> <span class='ocrx_word' id='word_1_203' title='bbox 794 2106 914 2158; x_wconf 82' lang='lat' dir='ltr'><strong>Conhov.</strong></span> <span class='ocrx_word' id='word_1_204' title='bbox 927 2105 944 2158; x_wconf 91' lang='lat'><strong>1.</strong></span> <span class='ocrx_word' id='word_1_205' title='bbox 957 2122 1085 2173; x_wconf 79' lang='lat' dir='ltr'><strong>prooem:</strong></span> <span class='ocrx_word' id='word_1_206' title='bbox 1100 2107 1230 2159; x_wconf 77' lang='lat' dir='ltr'><strong>Cineae—</strong></span> 
     </span>
     <span class='ocr_line' id='line_1_24' title="bbox 161 2172 1230 2242; baseline 0.004 -19"><span class='ocrx_word' id='word_1_207' title='bbox 161 2187 211 2237; x_wconf 83' lang='lat' dir='ltr'><strong>geu</strong></span> <span class='ocrx_word' id='word_1_208' title='bbox 235 2173 347 2225; x_wconf 89' lang='lat' dir='ltr'><strong>erinnert</strong></span> <span class='ocrx_word' id='word_1_209' title='bbox 370 2172 488 2239; x_wconf 88' lang='lat' dir='ltr'><strong>werden,</strong></span> <span class='ocrx_word' id='word_1_210' title='bbox 512 2175 537 2224; x_wconf 91' lang='lat' dir='ltr'><strong>iu</strong></span> <span class='ocrx_word' id='word_1_211' title='bbox 561 2190 608 2226; x_wconf 92' lang='lat' dir='ltr'><strong>uns</strong></span> <span class='ocrx_word' id='word_1_212' title='bbox 632 2191 672 2226; x_wconf 92' lang='lat' dir='ltr'><strong>ur·</strong></span> <span class='ocrx_word' id='word_1_213' title='bbox 723 2175 964 2242; x_wconf 75' lang='lat' dir='ltr'><strong>miremaPyrrho</strong></span> <span class='ocrx_word' id='word_1_214' title='bbox 977 2175 1133 2240; x_wconf 81' lang='lat' dir='ltr'><strong>legataead</strong></span> <span class='ocrx_word' id='word_1_215' title='bbox 1143 2175 1230 2226; x_wconf 70' lang='lat' dir='ltr'><strong>Ranae-</strong></span> 
     </span>
     <span class='ocr_line' id='line_1_25' title="bbox 162 2240 1230 2307; baseline 0.003 -15"><span class='ocrx_word' id='word_1_216' title='bbox 162 2240 310 2307; x_wconf 80' lang='lat' dir='ltr'><strong>sprimglich</strong></span> <span class='ocrx_word' id='word_1_217' title='bbox 340 2240 487 2292; x_wconf 90' lang='lat' dir='ltr'><strong>vorhaudeu</strong></span> <span class='ocrx_word' id='word_1_218' title='bbox 521 2241 572 2293; x_wconf 90' lang='lat' dir='ltr'><strong>und</strong></span> <span class='ocrx_word' id='word_1_219' title='bbox 601 2243 672 2295; x_wconf 87' lang='lat' dir='ltr'><strong>nicht</strong></span> <span class='ocrx_word' id='word_1_220' title='bbox 723 2258 772 2293; x_wconf 80' lang='lat' dir='ltr'><strong>noe</strong></span> <span class='ocrx_word' id='word_1_221' title='bbox 789 2242 866 2306; x_wconf 88' lang='lat' dir='ltr'><strong>(nach</strong></span> <span class='ocrx_word' id='word_1_222' title='bbox 887 2242 932 2294; x_wconf 86' lang='lat' dir='ltr'><strong>der</strong></span> <span class='ocrx_word' id='word_1_223' title='bbox 955 2241 1077 2295; x_wconf 85' lang='lat' dir='ltr'><strong>Schiacht</strong></span> <span class='ocrx_word' id='word_1_224' title='bbox 1102 2243 1145 2295; x_wconf 89' lang='lat' dir='ltr'><strong>hei</strong></span> <span class='ocrx_word' id='word_1_225' title='bbox 1163 2242 1230 2295; x_wconf 83' lang='lat' dir='ltr'><strong>Hera-</strong></span> 
     </span>
     <span class='ocr_line' id='line_1_26' title="bbox 162 2307 1231 2376; baseline 0.004 -18"><span class='ocrx_word' id='word_1_226' title='bbox 162 2307 342 2360; x_wconf 88' lang='lat' dir='ltr'><strong>anderswoher</strong></span> <span class='ocrx_word' id='word_1_227' title='bbox 359 2323 502 2375; x_wconf 78' lang='lat' dir='ltr'><strong>gewonnen</strong></span> <span class='ocrx_word' id='word_1_228' title='bbox 522 2309 586 2361; x_wconf 89' lang='lat' dir='ltr'><strong>sind.</strong></span> <span class='ocrx_word' id='word_1_229' title='bbox 724 2309 790 2373; x_wconf 85' lang='lat' dir='ltr'><strong>klea,</strong></span> <span class='ocrx_word' id='word_1_230' title='bbox 809 2311 858 2362; x_wconf 80' lang='lat'><strong>280</strong></span> <span class='ocrx_word' id='word_1_231' title='bbox 871 2326 896 2362; x_wconf 83' lang='lat' dir='ltr'><strong>v.</strong></span> <span class='ocrx_word' id='word_1_232' title='bbox 909 2310 984 2376; x_wconf 71' lang='lat' dir='ltr'><strong>Che),</strong></span> <span class='ocrx_word' id='word_1_233' title='bbox 1003 2315 1113 2376; x_wconf 76' lang='lat' dir='ltr'><strong>postero</strong></span> <span class='ocrx_word' id='word_1_234' title='bbox 1130 2312 1177 2362; x_wconf 81' lang='lat' dir='ltr'><strong>die</strong></span> <span class='ocrx_word' id='word_1_235' title='bbox 1193 2326 1231 2362; x_wconf 78' lang='lat' dir='ltr'><strong>ne</strong></span> 
     </span>
    </p>

    <p class='ocr_par' dir='ltr' id='par_1_7' title="bbox 159 2377 1233 2986">
     <span class='ocr_line' id='line_1_27' title="bbox 196 2377 1232 2444; baseline 0.002 -16"><span class='ocrx_word' id='word_1_236' title='bbox 196 2379 220 2429; x_wconf 80' lang='lat'><strong>2.</strong></span> <span class='ocrx_word' id='word_1_237' title='bbox 237 2377 325 2444; x_wconf 85' lang='lat' dir='ltr'><strong>idque,</strong></span> <span class='ocrx_word' id='word_1_238' title='bbox 343 2393 364 2428; x_wconf 90' lang='lat' dir='ltr'><strong>s.</strong></span> <span class='ocrx_word' id='word_1_239' title='bbox 381 2393 402 2430; x_wconf 86' lang='lat' dir='ltr'><strong>z.</strong></span> <span class='ocrx_word' id='word_1_240' title='bbox 421 2379 461 2441; x_wconf 82' lang='lat'><strong>29,</strong></span> <span class='ocrx_word' id='word_1_241' title='bbox 475 2381 520 2429; x_wconf 80' lang='lat'><strong>71:</strong></span> <span class='ocrx_word' id='word_1_242' title='bbox 540 2377 672 2428; x_wconf 80' lang='lat' dir='ltr'><strong>adhibuit·</strong></span> <span class='ocrx_word' id='word_1_243' title='bbox 724 2394 773 2428; x_wconf 79' lang='lat' dir='ltr'><strong>vate</strong></span> <span class='ocrx_word' id='word_1_244' title='bbox 796 2379 873 2429; x_wconf 83' lang='lat' dir='ltr'><strong>home</strong></span> <span class='ocrx_word' id='word_1_245' title='bbox 897 2384 923 2428; x_wconf 88' lang='lat' dir='ltr'><strong>et</strong></span> <span class='ocrx_word' id='word_1_246' title='bbox 939 2383 1061 2429; x_wconf 79' lang='lat' dir='ltr'><strong>renatam</strong></span> <span class='ocrx_word' id='word_1_247' title='bbox 1083 2383 1112 2429; x_wconf 85' lang='lat' dir='ltr'><strong>et</strong></span> <span class='ocrx_word' id='word_1_248' title='bbox 1137 2393 1232 2430; x_wconf 73' lang='lat' dir='ltr'><strong>emnem</strong></span> 
     </span>
     <span class='ocr_line' id='line_1_28' title="bbox 161 2445 1231 2512; baseline 0.004 -17"><span class='ocrx_word' id='word_1_249' title='bbox 161 2461 230 2511; x_wconf 76' lang='lat' dir='ltr'><strong>pue,·</strong></span> <span class='ocrx_word' id='word_1_250' title='bbox 248 2446 325 2512; x_wconf 80' lang='lat' dir='ltr'><strong>quale</strong></span> <span class='ocrx_word' id='word_1_251' title='bbox 341 2451 386 2510; x_wconf 81' lang='lat' dir='ltr'><strong>eet,</strong></span> <span class='ocrx_word' id='word_1_252' title='bbox 404 2445 456 2512; x_wconf 79' lang='lat' dir='ltr'><strong>vgl.</strong></span> <span class='ocrx_word' id='word_1_253' title='bbox 468 2445 547 2498; x_wconf 84' lang='lat' dir='ltr'><strong>Acad.</strong></span> <span class='ocrx_word' id='word_1_254' title='bbox 559 2445 576 2498; x_wconf 91' lang='lat'><strong>1.</strong></span> <span class='ocrx_word' id='word_1_255' title='bbox 591 2449 614 2510; x_wconf 90' lang='lat'><strong>8,</strong></span> <span class='ocrx_word' id='word_1_256' title='bbox 628 2448 672 2498; x_wconf 87' lang='lat'><strong>30:</strong></span> <span class='ocrx_word' id='word_1_257' title='bbox 724 2447 858 2496; x_wconf 80' lang='lat' dir='ltr'><strong>urbanam</strong></span> <span class='ocrx_word' id='word_1_258' title='bbox 875 2445 1066 2507; x_wconf 78' lang='lat' dir='ltr'><strong>circumfusam</strong></span> <span class='ocrx_word' id='word_1_259' title='bbox 1077 2447 1181 2512; x_wconf 78' lang='lat' dir='ltr'><strong>plebem</strong></span> <span class='ocrx_word' id='word_1_260' title='bbox 1192 2463 1231 2499; x_wconf 78' lang='lat' dir='ltr'><strong>aa·</strong></span> 
     </span>
     <span class='ocr_line' id='line_1_29' title="bbox 159 2514 1119 2579; baseline 0.001 -15"><span class='ocrx_word' id='word_1_261' title='bbox 159 2514 243 2564; x_wconf 79' lang='lat' dir='ltr'><strong>solam</strong></span> <span class='ocrx_word' id='word_1_262' title='bbox 252 2517 384 2578; x_wconf 78' lang='lat' dir='ltr'><strong>(mentem)</strong></span> <span class='ocrx_word' id='word_1_263' title='bbox 394 2516 534 2565; x_wconf 74' lang='lat' dir='ltr'><strong>censebant</strong></span> <span class='ocrx_word' id='word_1_264' title='bbox 541 2514 674 2577; x_wconf 83' lang='lat' dir='ltr'><strong>idoneam,</strong></span> <span class='ocrx_word' id='word_1_265' title='bbox 724 2515 842 2564; x_wconf 80' lang='lat' dir='ltr'><strong>minibus</strong></span> <span class='ocrx_word' id='word_1_266' title='bbox 859 2517 915 2564; x_wconf 75' lang='lat' dir='ltr'><strong>eata</strong></span> <span class='ocrx_word' id='word_1_267' title='bbox 928 2516 1119 2579; x_wconf 74' lang='lat' dir='ltr'><strong>percolataat&#39;t.</strong></span> 
     </span>
     <span class='ocr_line' id='line_1_30' title="bbox 161 2581 1233 2648; baseline 0.001 -15"><span class='ocrx_word' id='word_1_268' title='bbox 161 2585 207 2633; x_wconf 72' lang='lat' dir='ltr'><strong>eati</strong></span> <span class='ocrx_word' id='word_1_269' title='bbox 224 2584 383 2647; x_wconf 73' lang='lat' dir='ltr'><strong>eraderetur,</strong></span> <span class='ocrx_word' id='word_1_270' title='bbox 402 2586 467 2647; x_wconf 81' lang='lat' dir='ltr'><strong>quia</strong></span> <span class='ocrx_word' id='word_1_271' title='bbox 479 2583 536 2633; x_wconf 84' lang='lat' dir='ltr'><strong>ecla</strong></span> <span class='ocrx_word' id='word_1_272' title='bbox 554 2587 675 2633; x_wconf 74' lang='lat' dir='ltr'><strong>coerceret</strong></span> <span class='ocrx_word' id='word_1_273' title='bbox 761 2581 939 2646; x_wconf 74' lang='lat' dir='ltr'><strong>Charmadas,</strong></span> <span class='ocrx_word' id='word_1_274' title='bbox 961 2581 1103 2648; x_wconf 89' lang='lat' dir='ltr'><strong>Philosoph</strong></span> <span class='ocrx_word' id='word_1_275' title='bbox 1126 2597 1180 2634; x_wconf 84' lang='lat' dir='ltr'><strong>von</strong></span> <span class='ocrx_word' id='word_1_276' title='bbox 1197 2582 1233 2634; x_wconf 83' lang='lat' dir='ltr'><strong>der</strong></span> 
     </span>
     <span class='ocr_line' id='line_1_31' title="bbox 161 2647 1233 2716; baseline 0.004 -17"><span class='ocrx_word' id='word_1_277' title='bbox 161 2651 203 2713; x_wconf 84' lang='lat' dir='ltr'><strong>td,</strong></span> <span class='ocrx_word' id='word_1_278' title='bbox 227 2651 299 2714; x_wconf 84' lang='lat' dir='ltr'><strong>qaod</strong></span> <span class='ocrx_word' id='word_1_279' title='bbox 314 2665 417 2714; x_wconf 73' lang='lat' dir='ltr'><strong>seraper</strong></span> <span class='ocrx_word' id='word_1_280' title='bbox 435 2655 501 2699; x_wconf 76' lang='lat' dir='ltr'><strong>erret</strong></span> <span class='ocrx_word' id='word_1_281' title='bbox 516 2650 632 2716; x_wconf 70' lang='lat' dir='ltr'><strong>simplos</strong></span> <span class='ocrx_word' id='word_1_282' title='bbox 649 2653 675 2699; x_wconf 87' lang='lat' dir='ltr'><strong>et</strong></span> <span class='ocrx_word' id='word_1_283' title='bbox 725 2647 867 2700; x_wconf 78' lang='lat' dir='ltr'><strong>Ahademie</strong></span> <span class='ocrx_word' id='word_1_284' title='bbox 890 2650 941 2701; x_wconf 92' lang='lat' dir='ltr'><strong>und</strong></span> <span class='ocrx_word' id='word_1_285' title='bbox 965 2649 1058 2701; x_wconf 88' lang='lat' dir='ltr'><strong>hehrer</strong></span> <span class='ocrx_word' id='word_1_286' title='bbox 1082 2649 1127 2702; x_wconf 90' lang='lat' dir='ltr'><strong>der</strong></span> <span class='ocrx_word' id='word_1_287' title='bbox 1147 2649 1233 2704; x_wconf 88' lang='lat' dir='ltr'><strong>Bered·</strong></span> 
     </span>
     <span class='ocr_line' id='line_1_32' title="bbox 161 2714 1232 2784; baseline 0.002 -17"><span class='ocrx_word' id='word_1_288' title='bbox 161 2719 243 2767; x_wconf 80' lang='lat' dir='ltr'><strong>attiae</strong></span> <span class='ocrx_word' id='word_1_289' title='bbox 264 2718 339 2767; x_wconf 79' lang='lat' dir='ltr'><strong>enodi</strong></span> <span class='ocrx_word' id='word_1_290' title='bbox 363 2720 387 2766; x_wconf 90' lang='lat' dir='ltr'><strong>et</strong></span> <span class='ocrx_word' id='word_1_291' title='bbox 409 2717 474 2781; x_wconf 85' lang='lat' dir='ltr'><strong>tate,</strong></span> <span class='ocrx_word' id='word_1_292' title='bbox 499 2718 576 2780; x_wconf 82' lang='lat' dir='ltr'><strong>quate</strong></span> <span class='ocrx_word' id='word_1_293' title='bbox 601 2721 675 2768; x_wconf 79' lang='lat' dir='ltr'><strong>ercet.</strong></span> <span class='ocrx_word' id='word_1_294' title='bbox 727 2715 844 2778; x_wconf 87' lang='lat' dir='ltr'><strong>semheit,</strong></span> <span class='ocrx_word' id='word_1_295' title='bbox 857 2714 1232 2784; x_wconf 81' lang='lat' dir='ltr'><strong>desKnmeadcsSchdler,un</strong></span> 
     </span>
     <span class='ocr_line' id='line_1_33' title="bbox 162 2781 1233 2849; baseline 0.006 -15"><span class='ocrx_word' id='word_1_296' title='bbox 162 2785 238 2834; x_wconf 84' lang='lat' dir='ltr'><strong>Hanc</strong></span> <span class='ocrx_word' id='word_1_297' title='bbox 255 2784 298 2834; x_wconf 80' lang='lat' dir='ltr'><strong>tta</strong></span> <span class='ocrx_word' id='word_1_298' title='bbox 315 2781 391 2838; x_wconf 81' lang='grc' dir='ltr'><strong><em>ἰδέαν</em></strong></span> <span class='ocrx_word' id='word_1_299' title='bbox 413 2783 562 2849; x_wconf 84' lang='lat' dir='ltr'><strong>appellant,</strong></span> <span class='ocrx_word' id='word_1_300' title='bbox 584 2787 640 2835; x_wconf 85' lang='lat' dir='ltr'><strong>iem</strong></span> <span class='ocrx_word' id='word_1_301' title='bbox 659 2801 675 2835; x_wconf 89' lang='lat' dir='ltr'><strong>a</strong></span> <span class='ocrx_word' id='word_1_302' title='bbox 729 2788 776 2836; x_wconf 87' lang='lat' dir='ltr'><strong>tto</strong></span> <span class='ocrx_word' id='word_1_303' title='bbox 788 2800 814 2836; x_wconf 84' lang='lat' dir='ltr'><strong>v.</strong></span> <span class='ocrx_word' id='word_1_304' title='bbox 830 2784 886 2836; x_wconf 83' lang='lat' dir='ltr'><strong>Chr.</strong></span> <span class='ocrx_word' id='word_1_305' title='bbox 915 2783 1066 2837; x_wconf 83' lang='lat' dir='ltr'><strong>Diescrund</strong></span> <span class='ocrx_word' id='word_1_306' title='bbox 1078 2784 1233 2839; x_wconf 77' lang='lat' dir='ltr'><strong>Metrodorus</strong></span> 
     </span>
     <span class='ocr_line' id='line_1_34' title="bbox 161 2850 1232 2919; baseline 0.006 -18"><span class='ocrx_word' id='word_1_307' title='bbox 161 2850 272 2902; x_wconf 82' lang='lat' dir='ltr'><strong>Platone</strong></span> <span class='ocrx_word' id='word_1_308' title='bbox 287 2853 326 2901; x_wconf 87' lang='lat' dir='ltr'><strong>ita</strong></span> <span class='ocrx_word' id='word_1_309' title='bbox 346 2854 522 2915; x_wconf 82' lang='lat' dir='ltr'><strong>nominatum,</strong></span> <span class='ocrx_word' id='word_1_310' title='bbox 538 2868 588 2902; x_wconf 78' lang='lat' dir='ltr'><strong>aar</strong></span> <span class='ocrx_word' id='word_1_311' title='bbox 604 2858 675 2904; x_wconf 82' lang='lat' dir='ltr'><strong>recte</strong></span> <span class='ocrx_word' id='word_1_312' title='bbox 727 2852 830 2904; x_wconf 87' lang='lat' dir='ltr'><strong>werden</strong></span> <span class='ocrx_word' id='word_1_313' title='bbox 848 2853 913 2904; x_wconf 91' lang='lat' dir='ltr'><strong>anch</strong></span> <span class='ocrx_word' id='word_1_314' title='bbox 931 2853 963 2905; x_wconf 88' lang='lat' dir='ltr'><strong>de</strong></span> <span class='ocrx_word' id='word_1_315' title='bbox 981 2869 1017 2906; x_wconf 89' lang='lat' dir='ltr'><strong>or.</strong></span> <span class='ocrx_word' id='word_1_316' title='bbox 1030 2852 1048 2904; x_wconf 90' lang='grc'><strong>1.</strong></span> <span class='ocrx_word' id='word_1_317' title='bbox 1062 2857 1103 2919; x_wconf 89' lang='grc'><strong>11,</strong></span> <span class='ocrx_word' id='word_1_318' title='bbox 1116 2856 1150 2906; x_wconf 81' lang='grc'><strong>45</strong></span> <span class='ocrx_word' id='word_1_319' title='bbox 1169 2852 1232 2908; x_wconf 79' lang='lat' dir='ltr'><strong>mh</strong></span> 
     </span>
     <span class='ocr_line' id='line_1_35' title="bbox 161 2919 1233 2986; baseline 0.003 -17"><span class='ocrx_word' id='word_1_320' title='bbox 161 2922 274 2985; x_wconf 76' lang='lat' dir='ltr'><strong>speciem</strong></span> <span class='ocrx_word' id='word_1_321' title='bbox 288 2935 430 2984; x_wconf 69' lang='lat' dir='ltr'><strong>poe-ramae</strong></span> <span class='ocrx_word' id='word_1_322' title='bbox 448 2919 545 2970; x_wconf 81' lang='lat' dir='ltr'><strong>dicere.</strong></span> <span class='ocrx_word' id='word_1_323' title='bbox 727 2922 767 2986; x_wconf 85' lang='grc'><strong>88,</strong></span> <span class='ocrx_word' id='word_1_324' title='bbox 781 2921 831 2973; x_wconf 86' lang='grc'><strong>360</strong></span> <span class='ocrx_word' id='word_1_325' title='bbox 849 2935 941 2986; x_wconf 75' lang='lat' dir='ltr'><strong>wegen</strong></span> <span class='ocrx_word' id='word_1_326' title='bbox 958 2921 1027 2973; x_wconf 87' lang='lat' dir='ltr'><strong>ihres</strong></span> <span class='ocrx_word' id='word_1_327' title='bbox 1039 2919 1233 2975; x_wconf 68' lang='lat' dir='ltr'><strong>chfichtuiseet</strong></span> 
     </span>
    </p>

    <p class='ocr_par' dir='ltr' id='par_1_8' title="bbox 197 2984 852 3054">
     <span class='ocr_line' id='line_1_36' title="bbox 197 2984 852 3054; baseline 0.005 -16"><span class='ocrx_word' id='word_1_328' title='bbox 197 2989 222 3042; x_wconf 83' lang='lat'><strong>3.</strong></span> <span class='ocrx_word' id='word_1_329' title='bbox 239 2989 314 3049; x_wconf 85' lang='lat' dir='ltr'><strong>haec,</strong></span> <span class='ocrx_word' id='word_1_330' title='bbox 332 2985 373 3038; x_wconf 89' lang='lat' dir='ltr'><strong>die</strong></span> <span class='ocrx_word' id='word_1_331' title='bbox 391 2984 469 3041; x_wconf 81' lang='grc' dir='ltr'><strong>ἰδέαι.</strong></span> <span class='ocrx_word' id='word_1_332' title='bbox 726 2988 852 3054; x_wconf 80' lang='lat' dir='ltr'><strong>geriihmt.</strong></span> 
     </span>
    </p>

    <p class='ocr_par' dir='ltr' id='par_1_9' title="bbox 163 3052 1235 3246">
     <span class='ocr_line' id='line_1_37' title="bbox 197 3052 1233 3123; baseline 0.001 -15"><span class='ocrx_word' id='word_1_333' title='bbox 197 3058 221 3108; x_wconf 82' lang='lat'><strong>9.</strong></span> <span class='ocrx_word' id='word_1_334' title='bbox 238 3057 401 3106; x_wconf 57' lang='lat' dir='ltr'><strong>memoriam.</strong></span> <span class='ocrx_word' id='word_1_335' title='bbox 432 3052 489 3106; x_wconf 87' lang='lat' dir='ltr'><strong>Vou</strong></span> <span class='ocrx_word' id='word_1_336' title='bbox 501 3054 556 3106; x_wconf 90' lang='lat' dir='ltr'><strong>hier</strong></span> <span class='ocrx_word' id='word_1_337' title='bbox 568 3069 601 3105; x_wconf 86' lang='lat' dir='ltr'><strong>an</strong></span> <span class='ocrx_word' id='word_1_338' title='bbox 612 3054 676 3116; x_wconf 70' lang='lat' dir='ltr'><strong>fatet</strong></span> <span class='ocrx_word' id='word_1_339' title='bbox 762 3059 801 3107; x_wconf 87' lang='lat'><strong>14.</strong></span> <span class='ocrx_word' id='word_1_340' title='bbox 823 3055 993 3107; x_wconf 74' lang='lat' dir='ltr'><strong>Metrodorus</strong></span> <span class='ocrx_word' id='word_1_341' title='bbox 1016 3070 1062 3108; x_wconf 84' lang='lat' dir='ltr'><strong>aua</strong></span> <span class='ocrx_word' id='word_1_342' title='bbox 1081 3054 1233 3123; x_wconf 85' lang='lat' dir='ltr'><strong>Skepsisiu</strong></span> 
     </span>
     <span class='ocr_line' id='line_1_38' title="bbox 163 3121 1235 3188; baseline 0.004 -14"><span class='ocrx_word' id='word_1_343' title='bbox 163 3123 214 3174; x_wconf 85' lang='lat' dir='ltr'><strong>Cic.</strong></span> <span class='ocrx_word' id='word_1_344' title='bbox 233 3122 346 3174; x_wconf 86' lang='lat' dir='ltr'><strong>dieselhc</strong></span> <span class='ocrx_word' id='word_1_345' title='bbox 363 3122 389 3172; x_wconf 94' lang='lat' dir='ltr'><strong>in</strong></span> <span class='ocrx_word' id='word_1_346' title='bbox 408 3122 465 3174; x_wconf 91' lang='lat' dir='ltr'><strong>dem</strong></span> <span class='ocrx_word' id='word_1_347' title='bbox 478 3121 673 3188; x_wconf 78' lang='lat' dir='ltr'><strong>gewdhnlichen</strong></span> <span class='ocrx_word' id='word_1_348' title='bbox 725 3122 817 3188; x_wconf 83' lang='lat' dir='ltr'><strong>Troas,</strong></span> <span class='ocrx_word' id='word_1_349' title='bbox 840 3123 906 3175; x_wconf 87' lang='lat' dir='ltr'><strong>auch</strong></span> <span class='ocrx_word' id='word_1_350' title='bbox 930 3123 971 3174; x_wconf 87' lang='lat' dir='ltr'><strong>eiu</strong></span> <span class='ocrx_word' id='word_1_351' title='bbox 990 3122 1098 3175; x_wconf 81' lang='lat' dir='ltr'><strong>Schider</strong></span> <span class='ocrx_word' id='word_1_352' title='bbox 1116 3123 1164 3177; x_wconf 85' lang='lat' dir='ltr'><strong>des</strong></span> <span class='ocrx_word' id='word_1_353' title='bbox 1181 3124 1235 3178; x_wconf 79' lang='lat' dir='ltr'><strong>tte-</strong></span> 
     </span>
     <span class='ocr_line' id='line_1_39' title="bbox 163 3189 1234 3246; baseline 0.005 -6"><span class='ocrx_word' id='word_1_354' title='bbox 163 3189 254 3241; x_wconf 85' lang='lat' dir='ltr'><strong>Sinnc:</strong></span> <span class='ocrx_word' id='word_1_355' title='bbox 272 3189 435 3245; x_wconf 77' lang='lat' dir='ltr'><strong>Geddchtnis.</strong></span> <span class='ocrx_word' id='word_1_356' title='bbox 725 3191 821 3242; x_wconf 88' lang='lat' dir='ltr'><strong>neades</strong></span> <span class='ocrx_word' id='word_1_357' title='bbox 850 3191 901 3243; x_wconf 92' lang='lat' dir='ltr'><strong>und</strong></span> <span class='ocrx_word' id='word_1_358' title='bbox 936 3191 975 3243; x_wconf 85' lang='lat' dir='ltr'><strong>als</strong></span> <span class='ocrx_word' id='word_1_359' title='bbox 1003 3189 1234 3246; x_wconf 81' lang='lat' dir='ltr'><strong>Mnemotechniher</strong></span> 
     </span>
    </p>

    <p class='ocr_par' dir='ltr' id='par_1_10' title="bbox 87 3257 1234 3394">
     <span class='ocr_line' id='line_1_40' title="bbox 87 3257 1234 3325; baseline 0.003 -15"><span class='ocrx_word' id='word_1_360' title='bbox 87 3273 88 3277; x_wconf 51' lang='lat'>¹</span> <span class='ocrx_word' id='word_1_361' title='bbox 199 3261 238 3311; x_wconf 89' lang='lat'><strong>10.</strong></span> <span class='ocrx_word' id='word_1_362' title='bbox 256 3259 458 3325; x_wconf 81' lang='lat' dir='ltr'><strong>qaam-ande</strong></span> <span class='ocrx_word' id='word_1_363' title='bbox 475 3263 574 3319; x_wconf 83' lang='lat' dir='ltr'><strong>natam,</strong></span> <span class='ocrx_word' id='word_1_364' title='bbox 593 3257 677 3309; x_wconf 80' lang='lat' dir='ltr'><strong>woidr</strong></span> <span class='ocrx_word' id='word_1_365' title='bbox 728 3259 853 3310; x_wconf 78' lang='lat' dir='ltr'><strong>ehenhlls</strong></span> <span class='ocrx_word' id='word_1_366' title='bbox 888 3258 955 3310; x_wconf 78' lang='lat' dir='ltr'><strong>atter</strong></span> <span class='ocrx_word' id='word_1_367' title='bbox 989 3259 1120 3323; x_wconf 77' lang='lat' dir='ltr'><strong>erwihut,</strong></span> <span class='ocrx_word' id='word_1_368' title='bbox 1160 3265 1234 3315; x_wconf 69' lang='lat' dir='ltr'><strong>etant</strong></span> 
     </span>
     <span class='ocr_line' id='line_1_41' title="bbox 163 3325 1234 3394; baseline 0 -15"><span class='ocrx_word' id='word_1_369' title='bbox 163 3328 244 3394; x_wconf 71' lang='lat'><strong>§602</strong></span> <span class='ocrx_word' id='word_1_370' title='bbox 263 3326 336 3390; x_wconf 80' lang='lat' dir='ltr'><strong>Quae</strong></span> <span class='ocrx_word' id='word_1_371' title='bbox 347 3327 443 3377; x_wconf 75' lang='lat' dir='ltr'><strong>nitida</strong></span> <span class='ocrx_word' id='word_1_372' title='bbox 456 3326 616 3377; x_wconf 70' lang='lat' dir='ltr'><strong>vectanda</strong></span> <span class='ocrx_word' id='word_1_373' title='bbox 631 3327 676 3377; x_wconf 73' lang='lat' dir='ltr'><strong>ait.</strong></span> <span class='ocrx_word' id='word_1_374' title='bbox 724 3328 818 3392; x_wconf 82' lang='lat' dir='ltr'><strong>jr&#39;mgcr</strong></span> <span class='ocrx_word' id='word_1_375' title='bbox 844 3326 883 3378; x_wconf 85' lang='lat' dir='ltr'><strong>als</strong></span> <span class='ocrx_word' id='word_1_376' title='bbox 905 3325 1058 3378; x_wconf 82' lang='lat' dir='ltr'><strong>Charmadas</strong></span> <span class='ocrx_word' id='word_1_377' title='bbox 1085 3326 1175 3392; x_wconf 81' lang='lat' dir='ltr'><strong>(daher</strong></span> <span class='ocrx_word' id='word_1_378' title='bbox 1200 3329 1234 3382; x_wconf 86' lang='lat' dir='ltr'><strong>hei</strong></span> 
     </span>
    </p>

    <p class='ocr_par' dir='ltr' id='par_1_11' title="bbox 163 3392 1236 3800">
     <span class='ocr_line' id='line_1_42' title="bbox 198 3392 1211 3461; baseline 0 -13"><span class='ocrx_word' id='word_1_379' title='bbox 198 3398 238 3448; x_wconf 93' lang='grc'><strong>11.</strong></span> <span class='ocrx_word' id='word_1_380' title='bbox 256 3395 406 3447; x_wconf 76' lang='lat' dir='ltr'><strong>Simonides</strong></span> <span class='ocrx_word' id='word_1_381' title='bbox 417 3410 469 3447; x_wconf 90' lang='lat' dir='ltr'><strong>von</strong></span> <span class='ocrx_word' id='word_1_382' title='bbox 479 3392 557 3457; x_wconf 83' lang='lat' dir='ltr'><strong>Keos,</strong></span> <span class='ocrx_word' id='word_1_383' title='bbox 576 3393 620 3445; x_wconf 88' lang='lat' dir='ltr'><strong>der</strong></span> <span class='ocrx_word' id='word_1_384' title='bbox 632 3392 676 3445; x_wconf 86' lang='lat' dir='ltr'><strong>he·</strong></span> <span class='ocrx_word' id='word_1_385' title='bbox 728 3394 772 3446; x_wconf 88' lang='lat' dir='ltr'><strong>Ch.</strong></span> <span class='ocrx_word' id='word_1_386' title='bbox 785 3411 879 3461; x_wconf 84' lang='lat' dir='ltr'><strong>nuper,</strong></span> <span class='ocrx_word' id='word_1_387' title='bbox 891 3395 933 3446; x_wconf 88' lang='lat' dir='ltr'><strong>hei</strong></span> <span class='ocrx_word' id='word_1_388' title='bbox 945 3393 979 3446; x_wconf 85' lang='lat' dir='ltr'><strong>M.</strong></span> <span class='ocrx_word' id='word_1_389' title='bbox 991 3394 1140 3459; x_wconf 64' lang='lat' dir='ltr'><strong>medetei</strong></span> <span class='ocrx_word' id='word_1_390' title='bbox 1206 3400 1211 3413; x_wconf 90' lang='lat'>&#39;</span> 
     </span>
     <span class='ocr_line' id='line_1_43' title="bbox 163 3461 1234 3532; baseline 0.002 -17"><span class='ocrx_word' id='word_1_391' title='bbox 163 3465 263 3516; x_wconf 79' lang='lat' dir='ltr'><strong>rdhmte</strong></span> <span class='ocrx_word' id='word_1_392' title='bbox 285 3463 405 3532; x_wconf 85' lang='lat' dir='ltr'><strong>Lyriher,</strong></span> <span class='ocrx_word' id='word_1_393' title='bbox 429 3462 474 3515; x_wconf 89' lang='lat' dir='ltr'><strong>der</strong></span> <span class='ocrx_word' id='word_1_394' title='bbox 496 3478 541 3513; x_wconf 86' lang='lat' dir='ltr'><strong>zur</strong></span> <span class='ocrx_word' id='word_1_395' title='bbox 558 3461 613 3512; x_wconf 88' lang='lat' dir='ltr'><strong>Zeit</strong></span> <span class='ocrx_word' id='word_1_396' title='bbox 631 3461 676 3513; x_wconf 87' lang='lat' dir='ltr'><strong>des</strong></span> <span class='ocrx_word' id='word_1_397' title='bbox 727 3463 796 3514; x_wconf 84' lang='lat' dir='ltr'><strong>steht</strong></span> <span class='ocrx_word' id='word_1_398' title='bbox 813 3478 860 3514; x_wconf 92' lang='lat' dir='ltr'><strong>vor</strong></span> <span class='ocrx_word' id='word_1_399' title='bbox 877 3461 935 3514; x_wconf 88' lang='lat' dir='ltr'><strong>dem</strong></span> <span class='ocrx_word' id='word_1_400' title='bbox 953 3462 1140 3528; x_wconf 80' lang='lat' dir='ltr'><strong>Eigenuamen‚</strong></span> <span class='ocrx_word' id='word_1_401' title='bbox 1212 3478 1234 3517; x_wconf 86' lang='lat' dir='ltr'><strong>et</strong></span> 
     </span>
     <span class='ocr_line' id='line_1_44' title="bbox 163 3528 1235 3599; baseline 0.001 -16"><span class='ocrx_word' id='word_1_402' title='bbox 163 3531 321 3599; x_wconf 85' lang='lat' dir='ltr'><strong>Hipparchoe</strong></span> <span class='ocrx_word' id='word_1_403' title='bbox 347 3531 399 3584; x_wconf 90' lang='lat' dir='ltr'><strong>und</strong></span> <span class='ocrx_word' id='word_1_404' title='bbox 426 3530 471 3582; x_wconf 91' lang='lat' dir='ltr'><strong>der</strong></span> <span class='ocrx_word' id='word_1_405' title='bbox 496 3528 676 3595; x_wconf 78' lang='lat' dir='ltr'><strong>Perserkricge</strong></span> <span class='ocrx_word' id='word_1_406' title='bbox 728 3546 753 3583; x_wconf 89' lang='lat' dir='ltr'><strong>n.</strong></span> <span class='ocrx_word' id='word_1_407' title='bbox 766 3530 796 3583; x_wconf 83' lang='lat' dir='ltr'><strong>A.</strong></span> <span class='ocrx_word' id='word_1_408' title='bbox 815 3530 880 3582; x_wconf 89' lang='lat' dir='ltr'><strong>euch</strong></span> <span class='ocrx_word' id='word_1_409' title='bbox 893 3530 967 3582; x_wconf 86' lang='lat' dir='ltr'><strong>einen</strong></span> <span class='ocrx_word' id='word_1_410' title='bbox 985 3531 1172 3596; x_wconf 80' lang='lat' dir='ltr'><strong>Lampsacener</strong></span> <span class='ocrx_word' id='word_1_411' title='bbox 1189 3533 1235 3587; x_wconf 74' lang='lat' dir='ltr'><strong>lie</strong></span> 
     </span>
     <span class='ocr_line' id='line_1_45' title="bbox 163 3596 1234 3670; baseline 0.004 -21"><span class='ocrx_word' id='word_1_412' title='bbox 163 3601 189 3649; x_wconf 91' lang='lat' dir='ltr'><strong>in</strong></span> <span class='ocrx_word' id='word_1_413' title='bbox 207 3601 292 3651; x_wconf 85' lang='lat' dir='ltr'><strong>Athen</strong></span> <span class='ocrx_word' id='word_1_414' title='bbox 310 3600 387 3665; x_wconf 87' lang='lat' dir='ltr'><strong>lebte,</strong></span> <span class='ocrx_word' id='word_1_415' title='bbox 405 3598 456 3650; x_wconf 91' lang='lat' dir='ltr'><strong>soll</strong></span> <span class='ocrx_word' id='word_1_416' title='bbox 474 3597 514 3650; x_wconf 89' lang='lat' dir='ltr'><strong>die</strong></span> <span class='ocrx_word' id='word_1_417' title='bbox 529 3596 678 3649; x_wconf 86' lang='lat' dir='ltr'><strong>Mnemonih</strong></span> <span class='ocrx_word' id='word_1_418' title='bbox 729 3599 858 3650; x_wconf 77' lang='lat' dir='ltr'><strong>teodorae</strong></span> <span class='ocrx_word' id='word_1_419' title='bbox 876 3597 1035 3664; x_wconf 80' lang='lat' dir='ltr'><strong>(Epihureer)</strong></span> <span class='ocrx_word' id='word_1_420' title='bbox 1053 3598 1105 3665; x_wconf 72' lang='lat' dir='ltr'><strong>gerh</strong></span> <span class='ocrx_word' id='word_1_421' title='bbox 1127 3600 1166 3666; x_wconf 87' lang='lat' dir='ltr'><strong>(lt.</strong></span> <span class='ocrx_word' id='word_1_422' title='bbox 1184 3601 1234 3670; x_wconf 75' lang='lat'><strong>3,8</strong></span> 
     </span>
     <span class='ocr_line' id='line_1_46' title="bbox 165 3665 856 3731; baseline 0 -13"><span class='ocrx_word' id='word_1_423' title='bbox 165 3667 288 3718; x_wconf 84' lang='lat' dir='ltr'><strong>eriunden</strong></span> <span class='ocrx_word' id='word_1_424' title='bbox 299 3667 392 3722; x_wconf 85' lang='lat' dir='ltr'><strong>heheu.</strong></span> <span class='ocrx_word' id='word_1_425' title='bbox 419 3666 442 3717; x_wconf 85' lang='lat' dir='ltr'>V</span> <span class='ocrx_word' id='word_1_426' title='bbox 462 3667 478 3718; x_wconf 96' lang='grc' dir='ltr'><strong>Ι.</strong></span> <span class='ocrx_word' id='word_1_427' title='bbox 490 3666 554 3718; x_wconf 81' lang='lat' dir='ltr'><strong>uber</strong></span> <span class='ocrx_word' id='word_1_428' title='bbox 566 3665 609 3717; x_wconf 88' lang='lat' dir='ltr'><strong>ihu</strong></span> <span class='ocrx_word' id='word_1_429' title='bbox 622 3666 677 3717; x_wconf 87' lang='lat' dir='ltr'><strong>hes.</strong></span> <span class='ocrx_word' id='word_1_430' title='bbox 728 3682 753 3719; x_wconf 94' lang='lat' dir='ltr'><strong>u.</strong></span> <span class='ocrx_word' id='word_1_431' title='bbox 768 3668 791 3729; x_wconf 83' lang='lat'><strong>6,</strong></span> <span class='ocrx_word' id='word_1_432' title='bbox 806 3669 856 3731; x_wconf 78' lang='lat'><strong>17).</strong></span> 
     </span>
     <span class='ocr_line' id='line_1_47' title="bbox 165 3733 1236 3800; baseline 0.006 -15"><span class='ocrx_word' id='word_1_433' title='bbox 165 3733 198 3785; x_wconf 89' lang='lat' dir='ltr'><strong>de</strong></span> <span class='ocrx_word' id='word_1_434' title='bbox 216 3749 253 3785; x_wconf 91' lang='lat' dir='ltr'><strong>or.</strong></span> <span class='ocrx_word' id='word_1_435' title='bbox 269 3733 298 3786; x_wconf 89' lang='grc'><strong>11.</strong></span> <span class='ocrx_word' id='word_1_436' title='bbox 317 3738 358 3799; x_wconf 86' lang='grc'><strong>86,</strong></span> <span class='ocrx_word' id='word_1_437' title='bbox 371 3738 418 3788; x_wconf 84' lang='grc'><strong>351</strong></span> <span class='ocrx_word' id='word_1_438' title='bbox 450 3774 457 3787; x_wconf 89' lang='grc'><strong>.</strong></span> <span class='ocrx_word' id='word_1_439' title='bbox 475 3751 500 3787; x_wconf 91' lang='lat' dir='ltr'><strong>u.</strong></span> <span class='ocrx_word' id='word_1_440' title='bbox 519 3737 560 3799; x_wconf 81' lang='lat' dir='ltr'><strong>st,</strong></span> <span class='ocrx_word' id='word_1_441' title='bbox 573 3735 631 3786; x_wconf 79' lang='lat'><strong>357.</strong></span> <span class='ocrx_word' id='word_1_442' title='bbox 764 3733 794 3797; x_wconf 80' lang='lat' dir='ltr'><strong>Q.</strong></span> <span class='ocrx_word' id='word_1_443' title='bbox 812 3735 977 3800; x_wconf 71' lang='lat' dir='ltr'><strong>Hortensius,</strong></span> <span class='ocrx_word' id='word_1_444' title='bbox 999 3733 1044 3786; x_wconf 85' lang='lat' dir='ltr'><strong>der</strong></span> <span class='ocrx_word' id='word_1_445' title='bbox 1062 3736 1146 3789; x_wconf 77' lang='lat' dir='ltr'><strong>etwas</strong></span> <span class='ocrx_word' id='word_1_446' title='bbox 1164 3737 1236 3791; x_wconf 63' lang='lat' dir='ltr'><strong>iiiut</strong></span> 
     </span>
    </p>

    <p class='ocr_par' dir='ltr' id='par_1_12' title="bbox 200 3799 1237 3861">
     <span class='ocr_line' id='line_1_48' title="bbox 200 3799 1237 3861; baseline 0.008 -10"><span class='ocrx_word' id='word_1_447' title='bbox 200 3802 240 3853; x_wconf 80' lang='lat'><strong>12.</strong></span> <span class='ocrx_word' id='word_1_448' title='bbox 261 3799 419 3854; x_wconf 75' lang='lat' dir='ltr'><strong>Theodectes</strong></span> <span class='ocrx_word' id='word_1_449' title='bbox 443 3817 488 3855; x_wconf 88' lang='lat' dir='ltr'><strong>aus</strong></span> <span class='ocrx_word' id='word_1_450' title='bbox 512 3800 627 3854; x_wconf 86' lang='lat' dir='ltr'><strong>Phaselis</strong></span> <span class='ocrx_word' id='word_1_451' title='bbox 651 3802 677 3852; x_wconf 93' lang='lat' dir='ltr'><strong>in</strong></span> <span class='ocrx_word' id='word_1_452' title='bbox 728 3801 863 3854; x_wconf 79' lang='lat' dir='ltr'><strong>herdhmte</strong></span> <span class='ocrx_word' id='word_1_453' title='bbox 886 3802 1068 3856; x_wconf 86' lang='lat' dir='ltr'><strong>Nehenhuhler</strong></span> <span class='ocrx_word' id='word_1_454' title='bbox 1092 3802 1237 3861; x_wconf 76' lang='lat' dir='ltr'><strong>diremti</strong></span> 
     </span>
    </p>
   </div>
   <div class='ocr_carea' id='block_1_4' title="bbox 0 0 1289 4404">
    <p class='ocr_par' dir='ltr' id='par_1_13' title="bbox 0 0 1289 4404">
     <span class='ocr_line' id='line_1_49' title="bbox 0 0 1289 4404; baseline 0 0"><span class='ocrx_word' id='word_1_455' title='bbox 0 0 1289 4404; x_wconf 95' lang='lat' dir='ltr'><strong> </strong></span> 
     </span>
    </p>
   </div>
  </div>
 </body>
</html>
