2550 4410
491 202 586 255 umor
603 202 634 256 v,
653 205 762 269 41,121.
1096 199 1154 256 165

82 374 326 455 couscriptmum
342 373 471 435 arbitror
491 374 600 437 -ubi
622 375 701 436 enim
723 373 829 434 melius
851 372 899 433 uti·
916 390 1075 451 possumus
1089 372 1157 445 hoc,

84 460 264 523 cuicuimodi
276 469 331 534 est,
343 457 426 519 otiot
441 461 521 522 -od
534 461 718 538 Brutumque
730 466 865 520 nostrum
876 457 931 519 hos
942 457 1035 520 libros
1050 458 1158 519 alteros

85 546 219 626 quinque
241 546 405 619 mittemus,
426 564 443 605 a
465 563 523 623 quo
545 565 606 606 nou
621 546 709 605 modo
725 543 844 622 impulsi
858 561 961 604 sumus
975 543 1011 603 cd
1026 543 1157 622 philoso-

85 632 159 713 phas
173 629 360 710 scriptiones,
375 648 476 691 verum
493 631 582 691 etiem
594 630 731 692 lacessiti.
767 629 800 688 lu
817 647 876 707 quo
892 637 1037 706 quantum
1051 628 1158 688 ceteris

56 730 67 778 c
85 716 235 798 profuturi
250 717 352 789 simus,
368 734 430 775 nou
445 715 529 777 focile
545 716 686 790 dixerim,
703 714 813 776 uostris
829 713 947 792 quidem
962 713 1158 774 acerbissimis

87 801 239 864 doloribus
252 801 405 880 'variisque
426 808 457 861 et
477 801 609 880 undique
630 799 816 862 circumfusis
836 798 978 860 molestiis
999 798 1054 860 elia
1077 798 1157 859 nulla

87 886 184 967 potuit
197 885 324 947 inveniri
339 885 454 947 levatio.

122 1023 145 1074 1.
163 1020 219 1085 ubi,
237 1033 257 1071 s.
276 1034 307 1069 zu
327 1021 367 1082 35,
386 1020 443 1072 102.
684 1022 708 1072 5.
721 1016 866 1085 profuturi
882 1020 965 1068 cimus
982 1046 1015 1055 —
1033 1017 1158 1071 dioecrim.

121 1089 145 1140 2.
160 1087 332 1152 cuicuimodi,
349 1101 371 1139 s.
389 1102 421 1138 zu
439 1086 477 1139 lll.
496 1089 537 1150 34,
556 1088 597 1140 83.
649 1086 766 1139 Gleicher
780 1086 898 1138 Weehsel
915 1085 960 1137 des
973 1085 1099 1137 Numerus
1111 1084 1159 1136 fiu-

121 1156 227 1207 acatos.
262 1155 295 1206 Er
312 1156 384 1207 hatte
399 1154 451 1206 ihm
464 1154 544 1207 sehon
557 1154 598 1207 dic
649 1154 694 1207 det
712 1155 766 1206 sich
783 1155 849 1206 auch
867 1154 899 1206 de
917 1153 960 1206 fin.
973 1154 990 1207 1.
1005 1158 1028 1219 7,
1041 1156 1087 1205 24:
1107 1154 1160 1204 Sed

91 1222 540 1276 tcotBucuerdefin.hon.etmel.
555 1238 599 1289 ge·
649 1227 681 1273 ut
706 1225 827 1275 omittam
847 1223 970 1288 pericula
992 1251 1039 1287 -,
1061 1223 1098 1273 ad
1119 1239 1158 1286 ea,

90 1291 202 1357 widmei.
651 1306 719 1358 quae
736 1320 770 1328 -
786 1292 912 1342 videniur
936 1292 1051 1356 leviora,
1068 1293 1159 1340 oenia-

123 1363 148 1413 3.
165 1359 383 1425 adplriiosoplrar
394 1361 560 1426 scriptiones,
578 1375 598 1412 s.
650 1375 709 1410 mus
726 1358 778 1410 und
797 1359 835 1411 oft
852 1359 878 1410 in
896 1359 946 1411 den
964 1359 1074 1411 Brieien.
1101 1357 1161 1424 Vgl.

91 1427 139 1480 deu
156 1427 216 1482 krit.
232 1428 299 1482 Aah.
650 1428 718 1479 noch
735 1443 761 1494 p.
785 1426 838 1491 Lig.
863 1431 886 1492 7,
910 1430 956 1487 20;
981 1428 1013 1478 de
1035 1429 1097 1494 imp.
1116 1427 1160 1478 Gn.

123 1499 147 1548 4.
158 1496 281 1561 ἱαοωείιί,
290 1495 386 1548 Brutus
395 1495 465 1547 hatte
475 1496 516 1547 ein
527 1495 598 1547 Buch
650 1495 740 1560 Pomp.
760 1497 801 1560 16,
818 1497 859 1547 47.
895 1495 954 1547 Hier
976 1496 1091 1547 schlieist
1109 1494 1160 1546 Cic.

92 1565 122 1615 do
138 1567 240 1615 virtute
256 1564 423 1630 gesehrieben
441 1563 492 1615 uod
511 1564 599 1616 Cicero
651 1564 677 1614 in
693 1561 836 1629 profuturi
851 1566 934 1614 umus
951 1565 1016 1615 auch
1034 1564 1084 1615 den
1098 1563 1160 1614 Bru-

91 1632 240 1698 gewidmet3
258 1647 279 1685 s.
299 1631 329 1687 V.
349 1636 371 1698 1,
391 1636 413 1685 1.
651 1636 693 1683 tus
711 1632 758 1683 mit
776 1632 825 1683 eiu.
