2550 4410
500 224 595 280 hlBEll
612 226 651 281 lll.
670 229 711 293 at,
722 229 762 280 84.
1125 225 1167 285 53

95 395 160 470 erit,
183 397 306 476 singulis
321 398 580 479 disputationibus.
615 399 757 479 Superest
773 399 854 459 enim
870 398 1039 474 nobishoc,
1056 401 1168 462 cuicui-

93 481 174 542 modi
191 490 243 554 est,
259 483 362 544 otium.

179 567 237 628 Sed
248 569 323 630 ratio
334 588 394 630 una
407 569 539 630 omniurn
554 578 598 631 est
609 567 836 646 aegritudinum,
846 569 930 648 plura
943 569 1072 630 nomina.
1095 572 1168 632 Nam

93 660 124 712 et
147 652 277 713 invidere
300 655 491 732 aegritudinis
507 662 552 715 cst
567 662 596 714 et
611 654 751 714 aemulari
768 662 797 714 et
812 654 976 715 obtrectare
992 664 1021 715 et
1036 656 1168 717 misereri

52 746 68 797 o
90 744 121 797 et
131 737 209 815 angi,
218 738 330 817 lugere,
342 757 483 813 maerere,
495 757 636 800 aerumna
651 739 745 813 adlici,
761 739 926 813 lamentari,
938 738 1098 813 sollicitari,
1114 740 1168 801 do·

94 821 167 901 lere,
183 823 214 884 iu
226 824 359 885 molestia
376 844 449 898 esse,
465 824 615 904 adflictari,
631 823 796 904 desperare.
819 824 899 885 llaec
915 825 1013 885 ornnia
1024 826 1171 888 deliniunt
1191 834 1221 885 st

94 906 204 981 Stoici,
226 926 319 987 eaque
335 909 432 984 verba,
446 928 520 989 quae
536 909 611 983 dixi,
627 909 810 989 singularum
825 927 924 971 rerum
941 923 1027 985 sunt,
1044 929 1121 984 uon,
1137 920 1171 972 ut

48 1044 51 1049 .
92 993 245 1067 ridentur,
262 995 378 1055 easdem
393 1013 441 1056 res
456 994 639 1074 significant,
654 995 704 1056 sed
721 995 830 1073 aliquid
845 995 995 1068 differunt,
1011 995 1090 1074 quod
1112 997 1168 1057 alio

94 1077 162 1138 loco
178 1079 301 1140 sortasse
321 1079 522 1142 tractabimus.
559 1080 639 1141 llaec
654 1088 725 1141 sunt
745 1080 811 1140 illae
825 1079 918 1142 fibrae
932 1080 1077 1160 stirpium,
1099 1100 1172 1160 quas

42 1171 73 1224 10
95 1163 180 1223 initio
197 1163 270 1238 dixi,
293 1164 516 1244 persequendae
532 1174 562 1226 et
583 1184 686 1227 ornnes
709 1165 877 1245 eligendae,
899 1185 937 1226 ne
957 1185 1096 1245 umquam
1111 1166 1170 1228 ulla

95 1248 189 1328 possit
204 1249 353 1310 exsistere.

181 1333 321 1413 Magnum
337 1353 413 1414 opus
428 1343 458 1395 et
472 1333 606 1409 difficile,
623 1334 689 1412 quis
705 1331 815 1412 negat‘l
839 1334 910 1412 quid
925 1345 1023 1397 autem
1038 1336 1170 1416 praeela-

95 1436 162 1479 rum
178 1436 241 1479 non
257 1419 333 1480 idern
349 1417 496 1481 arduum?
525 1419 575 1481 sed
588 1428 686 1481 tamen
702 1417 731 1480 id
746 1439 778 1480 se
794 1420 964 1482 effecturam
984 1422 1171 1501 philosophia

95 1504 268 1582 profitetur,
289 1524 345 1566 nos
361 1506 449 1566 modo
471 1505 655 1566 curationem
677 1504 740 1565 eius
760 1505 946 1584 recipiamus.
976 1506 1084 1567 Verum
1099 1508 1171 1568 haec

40 1597 70 1650 lt
94 1587 213 1666 quidem
229 1589 389 1665 hactenus;
415 1600 512 1652 cetera
528 1590 794 1668 quotienscumque
815 1590 918 1651 voletis
933 1599 963 1651 et
983 1593 1041 1654 hoc
1060 1594 1126 1654 loco
1142 1602 1172 1654 et

94 1672 159 1734 aliis
173 1682 273 1753 parata
288 1674 370 1736 vohis
386 1684 483 1737 erunt.

96 1822 241 1875 entlehnter
258 1823 408 1888 Ausdrnclc,
430 1825 484 1891 vgl.
507 1825 539 1878 de
557 1824 608 1877 div.
664 1826 725 1877 184:
738 1823 809 1876 illud
821 1825 970 1888 addentium
985 1828 1081 1891 19,10;
1100 1829 1174 1894 quod

94 1891 177 1953 1112,
192 1894 253 1944 149:
271 1897 303 1943 ut
316 1893 414 1958 religio
427 1894 608 1960 propagando
660 1907 792 1958 arguare,
816 1894 857 1958 29,
877 1897 935 1947 117:
964 1895 1031 1960 quid
1044 1901 1171 1961 praestet.

96 1961 176 2010 etiam
189 1964 228 2010 est
237 1998 243 2011 .
253 1998 269 2024 .,
286 1962 326 2011 rie
334 1965 535 2026 superstitionis
546 1965 608 2012 stir-
659 1988 693 1998 —
712 1960 776 2012 Alio
795 1960 866 2013 loco:
884 1968 962 2014 unten
975 1961 1016 2015 lV.
1029 1979 1050 2018 c.
1062 1965 1086 2017 8.

94 2044 142 2093 pes
154 2043 244 2078 omnes
256 2029 402 2094 eligendae.
430 2029 529 2082 Anders
541 2030 606 2082 oben
693 2031 719 2083 9.
736 2030 816 2095 Haec,
834 2045 854 2081 s.
872 2045 904 2081 zu
918 2031 935 2082 l.
949 2033 989 2096 11,
1002 2033 1043 2083 22.

95 2096 125 2148 ll.
145 2098 185 2160 11,
203 2099 248 2149 27:
268 2097 378 2149 elidunt.
689 2113 755 2163 quor
766 2101 846 2150 initio
858 2099 919 2150 (1ίωί
924 2119 929 2151 :
943 2101 1058 2165 o.6,13;
1072 2100 1171 2166 eligen-

133 2167 155 2214 1.
180 2166 230 2215 doc
243 2193 277 2202 -
290 2168 373 2216 otium
386 2157 440 2217 ‘die
458 2164 541 2218 hlulse
564 2165 608 2218 da·
659 2165 717 2230 dae,
735 2181 755 2218 s.
773 2182 805 2218 zu
825 2169 896 2233 §89

97 2223 152 2292 ιη’,
163 2246 183 2286 s,
192 2232 210 2285 l.
223 2235 262 2298 19,
272 2235 304 2285 45
313 2249 344 2284 zu
352 2235 417 2284 leaeo
421 2234 607 2300 pulchritudo.
695 2237 736 2286 12.
751 2235 1099 2300 praeclarum-arduum.
1135 2235 1171 2290 So

113 2301 290 2366 Ιοιιὶινιιὴιιοᾱί
298 2303 353 2364 (ans
365 2300 421 2353 dem
432 2303 607 2367 ungebriuch-
659 2300 695 2353 ist
707 2302 748 2353 ein
766 2302 861 2385 grieoh.
875 2303 1047 2372 Spriehwort:
1065 2302 1171 2368 χαλεπὰ

98 2367 182 2419 lichen
207 2369 434 2420 coimmimmodt‘
456 2369 535 2421 durch
556 2371 607 2421 Ab·
658 2365 694 2419 τὰ
712 2366 790 2422 uada.

98 2435 215 2503 hurznng
238 2435 400 2498 entstanden)
418 2443 468 2489 ert:
489 2429 552 2489 ‘wie
569 2442 607 2489 sle
696 2440 736 2489 14.
762 2439 860 2490 Verum
878 2440 943 2489 hoec
960 2439 1065 2505 quidem
1083 2442 1171 2490 hecte-

98 2504 163 2556 aueh
188 2511 261 2556 sonat
284 2504 431 2558 hesohaffen
453 2506 509 2558 sein
527 2497 608 2571 mag’,
659 2520 718 2570 nur,
736 2504 798 2557 oder
809 2506 863 2558 Sed
879 2507 944 2557 daec
960 2507 1065 2571 quidem
1084 2509 1170 2558 dacte-

99 2571 124 2623 d.
138 2572 162 2624 h.
182 2589 211 2625 so
224 2574 407 2625 uuerwunscht
422 2575 459 2626 sie
477 2574 525 2624 mir
542 2574 607 2626 auch
658 2588 710 2622 oue
734 2573 775 2634 (de
793 2572 836 2625 cll.
854 2572 872 2624 l.
892 2575 933 2637 26,
951 2576 994 2638 91)
1018 2574 1079 2626 oder
1102 2574 1170 2626 bloIs

98 2656 130 2691 au
150 2641 203 2692 sich
222 2645 263 2692 lst.
299 2640 357 2707 ugr.
370 2640 401 2693 V.
413 2644 455 2708 41,
467 2644 522 2695 121.
660 2640 714 2691 Sed
724 2641 927 2692 haecddctcnus
938 2641 1034 2706 (ib.39,
1045 2645 1111 2707 140),
1129 2641 1170 2694 die

134 2709 159 2760 3.
176 2713 248 2760 ratio
260 2701 389 2761 ‘Wesen'.
661 2707 802 2761 einlachste
809 2709 909 2761 Formel
918 2708 962 2761 der
970 2714 1114 2775 revocatio,
1123 2711 1171 2762 mit

133 2779 157 2828 4.
176 2778 354 2843 aegritudinis
372 2783 423 2829 est:
442 2778 476 2829 ist
494 2776 551 2830 eine
565 2777 609 2828 Er·
660 2777 773 2829 welches
783 2779 840 2830 eine
849 2777 954 2844 lingere
963 2777 1112 2845 Exposition
1126 2779 1170 2830 ah-

100 2845 242 2911 scheinnng
258 2845 299 2897 od.
310 2846 455 2912 Aulserung
465 2844 509 2898 der
521 2848 609 2911 aegri-
661 2845 805 2910 gebrechen
813 2844 886 2911 wird,
895 2862 937 2897 nni
947 2862 978 2898 zu
986 2852 1067 2899 etwas
1073 2846 1169 2899 Nenem

97 2914 170 2965 tudo.
661 2913 849 2980 uberzugehen.
863 2913 1014 2968 Grieehmod
1022 2915 1111 2968 ταῦτα
1119 2917 1173 2983 μὲν

133 2983 156 3033 8.
175 2981 282 3047 aliquid
299 2981 438 3044 differunt,
456 2981 507 3033 wie
525 2979 556 3032 de
572 2996 608 3033 or.
660 2981 774 3033 τοιαῦτα
798 2982 860 3035 oder
885 2985 931 3034 καὶ
955 2984 1042 3036 ταῦτα
1063 2985 1114 3050 μὲν
1137 2979 1172 3048 δὴ

96 3049 115 3100 l.
135 3052 157 3114 9,
171 3052 216 3103 35:
238 3049 330 3101 uetera
348 3050 499 3110 adsentim
517 3048 555 3100 lll.
568 3050 609 3113 48,
660 3050 755 3102 ταῦτα.
