2550 4410
383 203 512 262 31313331.
530 206 571 268 ao,
590 207 630 256 34.
649 208 689 268 31,
710 207 750 256 35.
770 208 810 257 33.
1094 205 1134 263 75

51 377 101 438 his
118 375 252 437 tenebris
266 376 296 437 in
313 375 410 435 lucem
427 375 505 435 illam
522 378 695 449 excesserit,
713 395 768 436 nec
783 386 879 436 tamen
898 376 944 435 illa
960 377 1054 438 vincla
1071 398 1134 438 car-

52 462 134 522 ceris
149 461 264 540 ruperit
278 457 369 543 [leges
385 461 464 520 enim
480 457 606 543 vetantl,
629 463 679 522 sed
702 471 850 539 tamquam
867 480 882 521 a
898 462 1070 538 magistratu
1085 475 1136 524 aut

53 548 92 607 ab
109 547 207 625 aliqua
229 554 374 625 potestate
396 546 539 624 legitima,
562 546 604 607 sic
625 566 640 606 a
664 548 719 608 deo
743 556 881 607 evocatus
901 555 990 625 atque
1012 549 1135 609 emissus

55 632 173 692 exierit.
207 631 232 691 Τ
230 641 277 693 313
292 631 372 691 enim
385 631 619 710 pbilosopboram
633 637 709 702 3313,
724 640 758 692 ut
773 632 813 692 ait
827 632 922 704 idcm,
938 637 1134 694 commentatio

13 726 31 777 11
52 721 223 780 3333113331.
260 716 420 794 Numquid
441 716 518 776 aliud
542 717 670 794 agimus,
693 735 760 778 cum
776 736 791 776 a
805 718 964 796 voluptate,
987 716 1015 776 id
1037 726 1096 790 est,
1118 721 1187 777 331

57 821 203 880 corpore,
226 820 292 862 cum
310 820 325 860 a
340 820 372 860 re
387 798 543 873 familiari,⁰
560 820 633 880 quae
650 812 693 862 est
711 803 844 862 ministra
861 812 890 862 et
905 802 1011 861 famula
1028 821 1136 881 corpo·
1158 814 1187 864 ’15

57 889 116 963 313,
136 906 203 947 cum
219 905 235 946 a
250 905 282 946 re
298 886 432 965 publica,
454 904 520 947 cum
537 905 552 945 a
570 888 690 966 negotio
705 888 785 947 omni
802 905 973 948 sevocamus
988 889 1135 948 animum:

58 973 148 1051 quid,
173 973 309 1050 inquam,
331 981 394 1031 tum
409 972 537 1050 agimus,
560 972 617 1032 nisi
632 972 763 1033 animum
784 973 818 1033 ad
841 992 872 1032 se
895 974 992 1051 ipsum
1014 974 1136 1034 advoca-

57 1077 143 1131 mus,
170 1076 271 1118 secum
297 1075 360 1117 esse
386 1058 519 1135 cogimus
544 1057 730 1136 maximeque
752 1077 767 1117 a
791 1076 917 1136 corpore
943 1056 1137 1119 obducimus?

10 1152 35 1204 11)
57 1144 225 1204 Secernere
241 1151 338 1202 antem
350 1160 368 1201 3
379 1160 505 1221 corpore
521 1142 652 1202 animum
664 1143 839 1221 ecquidnam
851 1142 929 1203 aliud
944 1155 982 1204 331
994 1149 1053 1205 3133·
1062 1144 1137 1204 mori

58 1226 198 1289 discere?
214 1229 277 1298 Qua
293 1227 398 1287 roboc
414 1235 658 1301 commentemur,
674 1228 746 1288 mihi
762 1229 859 1301 crede,
876 1228 1136 1308 disiungamusque

60 1334 119 1374 nos
140 1333 155 1372 a
177 1312 368 1392 corporibus,
396 1312 423 1372 id
448 1323 507 1387 est,
536 1332 765 1373 consuescamus
786 1314 871 1373 mori.
909 1313 988 1385 Hoc,
1017 1321 1046 1373 et
1067 1314 1136 1373 dum

61 1399 174 1459 erimus
189 1398 220 1458 in
240 1397 343 1470 133313,
364 1397 421 1457 erit
442 1398 482 1457 illi
504 1399 619 1458 caelesti
641 1399 716 1458 vitae
738 1398 848 1471 simile,
872 1406 988 1458 etcum
1011 1399 1081 1459 illuc
1103 1418 1136 1458 cx

60 1485 109 1544 bis
125 1483 228 1544 vinclis
243 1482 341 1542 emissi
362 1483 507 1555 feremur,
529 1483 628 1544 minus
650 1483 812 1543 tardabitur
834 1501 939 1543 cursus
961 1484 1137 1544 animorum.

10 1576 36 1630 11
58 1570 136 1630 Nam
158 1568 209 1646 qui
231 1568 260 1628 in
287 1568 480 1646 compedibus
501 1568 636 1646 corporis
658 1586 775 1647 semper
796 1569 933 1641 luerunt,
962 1569 1047 1628 etiam
1070 1588 1137 1629 cum

61 1654 154 1716 soluti
169 1662 254 1725 sunt,
277 1653 389 1713 tardius
409 1652 634 1730 ingrediuntur,
656 1661 690 1712 ut
705 1653 739 1726 ii,
762 1654 812 1731 qui
828 1655 908 1713 torro
923 1653 1013 1713 vincti
1029 1654 1138 1714 multos

62 1758 161 1800 annos
176 1740 307 1798 luerunt.
337 1737 402 1808 Quo
419 1756 486 1797 cum
501 1739 678 1812 venerimus,
694 1746 757 1799 tum
769 1739 896 1816 denique
908 1738 1053 1814 vivemus;
1069 1758 1138 1799 nam

61 1826 138 1885 haec
154 1824 271 1903 quidem
288 1823 345 1883 vita
361 1840 441 1884 mors
457 1830 515 1897 est,
539 1842 627 1901 quam
649 1823 802 1883 lamentari
823 1841 958 1902 possem,
980 1824 1004 1884 si
1025 1823 1138 1884 liberet.

151 1910 184 1970 Α.
220 1908 296 1969 Satis
316 1915 348 1968 tu
370 1909 489 1986 quidem
510 1909 540 1968 in
557 1908 765 1970 Consolatione
787 1927 818 1968 es
839 1909 1028 1980 lamentatus,
1051 1927 1138 1986 quam
1161 1926 1175 1945 .

10 2005 39 2056 111
61 2014 132 2056 cum
148 1994 231 2072 lego,
254 1993 327 2053 nihil
349 1993 425 2053 malo
449 2013 536 2073 quam
559 1995 611 2054 has
626 2013 674 2055 res
694 1993 876 2072 relinquere,
899 1993 944 2053 bis
964 2011 1034 2053 vero
1050 1994 1138 2055 modo

62 2080 172 2141 auditis
187 2079 280 2139 multo
296 2079 397 2157 magis.
428 2078 469 2138 M.
489 2079 594 2139 Veniet
607 2087 726 2158 tempus
742 2079 903 2158 etquidem
919 2079 1064 2152 celeriter,
1080 2080 1139 2141 sive

62 2164 240 2226 retractabis
250 2164 310 2225 sive
321 2164 599 2243 properabis3t
521 2166 599 2225 volat
610 2164 690 2224 enim
701 2173 789 2225 aetas.
808 2165 936 2225 'lantum
948 2173 1045 2225 autem
1058 2166 1140 2225 abest

102 2319 126 2368 1
145 2317 473 2379 3333333311,3.3.13,311;
492 2319 578 2365 333313-
663 2318 686 2366 9.
704 2330 792 2365 seeum
812 2332 865 2365 3333
879 2309 945 2367 31313
964 2315 1046 2367 selbst
1064 2331 1140 2381 ange·

64 2353 578 2448 13313331331.11.6,16τρ33·131333’1.

101 2454 127 2504 2.
145 2451 226 2515 [teges
242 2453 312 2500 enim
330 2453 441 2514 33133311,
459 2466 480 2504 s.
499 2451 522 2502 d.
540 2450 578 2500 ln·.

61 2520 133 2571 Ana.
161 2521 220 2569 Aut
235 2521 268 2568 ab
285 2520 377 2598 aliqua
384 2523 517 2601 potestate
524 2511 578 2570 od.

62 2587 212 2653 uberhaupt
221 2587 310 2651 ugend
325 2579 453 2648 einer-'3
480 2587 531 2652 vgl.
541 2586 578 2638 lll.

66 2660 109 2719 14,
124 2658 170 2707 29.
189 2661 237 2705 aut
252 2656 372 2720 aliquam
388 2657 482 2706 motem
498 2655 578 2714 mali;

64 2726 101 2778 ib
120 2726 160 2786 19,
174 2725 221 2774 44:
240 2728 289 2774 aut
305 2723 410 2789 aliquid
425 2728 483 2773 3133
499 2723 580 2773 modi.

64 2780 195 2857 Ubrigens
212 2790 246 2841 ist
259 2795 380 2856 potestas
400 2791 478 2842 hier'
472 2807 497 2841 ru
516 2791 579 2842 kon-

65 2861 168 2912 kretem
199 2857 277 2910 Sinne
294 2885 328 2903 =
345 2858 510 2911 Machtbaber
537 2874 580 2924 gc-

66 2927 185 2991 braucht,
203 2941 258 2978 was
276 2927 413 2992 allerdiugs
426 2933 477 2979 erst
495 2928 580 2994 3311133

66 2994 580 3064 33331331113113333333131331331313313

66 3067 166 3117 ebenso
184 3063 249 3114 auch
261 3063 293 3115 de
305 3063 355 3129 leg.
367 3063 384 3114 1.
399 3067 422 3127 1,
436 3065 480 3115 23:
497 3065 580 3114 isdem

65 3132 580 3266 1111311111ῑῖ1’111111131ῗῖ11

64 3271 140 3336 galia
155 3273 273 3334 potestas
285 3266 403 3332 profuit.

103 3341 129 3389 4.
153 3339 338 3387 commentatio
361 3335 438 3388 beilst
460 3335 506 3387 (133
523 3352 581 3388 vor-

67 3403 317 3459 311311311311331333
340 3404 386 3455 aui
409 3410 581 3467 3133331333

68 3489 129 3526 man
140 3472 284 3536 1113313133
296 3473 429 3537 spreeben)
442 3472 510 3534 will;
526 3472 580 3524 also

69 3557 163 3594 comm.
179 3544 275 3592 3333113
286 3540 380 3605 (wolin
391 3540 503 3592 nachber
513 3545 585 3591 mori

68 3602 195 3673 dooere)
202 3608 440 3674 Verbereitungaul
447 3608 495 3660 den
506 3601 583 3660 Tod'.

67 3677 584 3760 18111.18,423.111.16,34.-Ρ131.

68 3714 493 3830 31331333331333113ημ3
512 3737 583 3800 αὐτὸ

629 2375 730 2447 boren,
749 2382 920 2435 3313113111
936 2387 975 2446 14,
987 2386 1034 2435 49;
1051 2400 1140 2433 reema

629 2467 682 2500 3333
699 2466 851 2516 3333333333,
870 2451 1027 2516 3131131133,
1044 2454 1140 2501 313333

664 2538 704 2586 lt).
723 2535 819 2599 ecquid
830 2535 906 2585 aliud
918 2537 1025 2600 33133131,
1038 2535 1092 2586 3.(1.
1102 2535 1140 2585 133.

629 2605 746 2667 Anhang.

666 2674 706 2722 11.
724 2672 791 2720 33111
808 2672 885 2722 create
902 2670 967 2734 (dies
983 2670 1024 2723 die
1035 2669 1140 2736 regelm.

631 2738 818 2804 Wortstellung
840 2739 881 2791 bei
902 2740 966 2824 Cic.)
979 2731 1038 2791 aul
1058 2740 1141 2791 meine

632 2806 819 2874 Versicberung
851 2800 918 2872 bin',
948 2807 1058 2859 naimlicb
1086 2807 1141 2859 (1313

631 2875 686 2926 (1133
703 2890 821 2928 unserem
834 2875 920 2928 Gelste
937 2891 978 2927 am
991 2876 1143 2942 zutraglicb-

631 2947 687 2995 sten
705 2943 747 2996 ist.

668 3012 793 3077 11.(133,
811 3012 862 3063 wie
875 3012 921 3063 das
933 3012 1143 3079 vorhergebcnde

631 3080 705 3143 illac,
723 3080 769 3131 auf
785 3081 905 3131 caelestis
921 3083 979 3131 vita
997 3080 1119 3146 beregen.

666 3166 972 3231 tamdeaiqaevivemm.
984 3164 1043 3232 Vgl.
1050 3165 1081 3217 de
1089 3181 1142 3233 rep

632 3232 672 3284 Vl.
692 3236 736 3286 14:
754 3233 837 3285 133333
855 3250 918 3284 vero
938 3236 1081 3299 13313331,
1098 3238 1146 3299 qui

632 3319 646 3350 e
670 3317 812 3366 emiorum
835 3302 950 3353 3133331113
972 3307 1108 3368 tamquam
1132 3319 1145 3351 3

632 3384 740 3420 earcere
761 3370 950 3432 3331333331,Ι
973 3376 1061 3421 vestra
1082 3386 1144 3419 vero

633 3453 700 3503 qaae
721 3437 822 3488 dieitur
838 3442 907 3498 vita,
929 3454 1002 3487 33333
1019 3442 1068 3496 331;
1092 3435 1144 3487 und

631 3505 778 3570 Euripides:
805 3505 902 3569 3113
874 3474 961 3567 otio,
988 3503 1015 3559 εἰ
1034 3499 1069 3559 τὸ
1094 3504 1146 3573 ζῆν

633 3571 753 3641 tautam
765 3577 931 3635 κατθανεῖν,
944 3590 978 3627 ao
967 3564 1146 3626 κατθανεῖν

634 3642 732 3711 δὲζῆν
716 3660 739 3696 ν.
776 3641 801 3692 S
820 3640 924 3692 auchz
945 3641 985 3705 13,
1004 3641 1045 3693 29.

671 3729 755 3779 1913
770 3726 964 3789 Consolatione,
977 3741 997 3778 3.
1013 3741 1037 3777 3.
1051 3728 1093 3792 26,
1104 3729 1144 3778 65.

67 3804 230 3872 τοῦτο’ἐστι
245 3833 304 3869 των
318 3804 497 3899 φιλοσόφων,
509 3805 586 3876 λύσις
670 3814 711 3863 20.
734 3812 783 3861 bae
805 3827 862 3876 ree,
885 3811 1044 3876 deamaxcic:
1063 3803 1146 3862 ι(11333
1213 3844 1215 3847 ψ

66 3886 118 3940 καὶ
122 3878 433 3957 χωρισμοςψυχηςαπο
442 3898 585 3949 σωματος

638 3869 726 3931 Welt'.
