2550 4410
143 140 184 201 m
518 139 831 209 mmmumm

144 315 240 388 citato,
256 314 291 374 de
307 315 388 375 ornni
405 332 484 387 casn,
499 314 528 374 in
546 333 605 393 quo
622 331 731 375 nornen
747 314 821 394 poni
835 314 912 375 solet
926 312 1128 377 calamitatis.
1153 314 1226 377 llaec

145 399 247 461 Graeci
263 399 293 460 in
309 400 441 480 singulas
456 399 570 461 scholas
586 400 660 461 etin
676 398 809 479 singulos
823 398 915 461 libros
930 399 1143 479 dispertiunt3
1159 420 1227 481 opus

145 485 225 546 enim
250 494 414 563 quaerunt3
444 503 621 563 quamquam
647 486 753 564 plenae
774 484 994 564 disputationes
1019 484 1227 548 delectationis

92 582 122 634 82
143 580 221 632 sunt.
251 570 289 631 Et
307 579 421 643 tamen,
437 579 470 631 ut
486 570 590 631 medici
605 577 668 631 toto
684 587 810 649 corpore
826 568 960 631 curando
976 569 1130 632 minimae
1145 572 1226 633 etiam

146 656 234 735 parti,
259 656 282 717 si
304 655 472 727 condoluit,
493 656 663 729 medentur,
685 655 727 716 sic
744 654 946 735 philosophia,
969 672 1046 717 cum
1063 656 1252 719 universamt

145 740 358 819 aegritudinem
382 740 512 813 sustulit,
535 740 652 802 sustulit
667 740 769 813 etiam,
793 740 817 801 si
832 739 899 818 quis
913 757 1002 800 error
1020 740 1169 805 alicunde
1182 760 1226 803 er·

145 826 228 898 stitit,
244 826 268 887 si
281 835 439 905 paupertas
454 825 622 899 momordit,
638 825 662 886 si
678 825 839 905 ignominia
853 824 993 904 pupugit,
1009 825 1040 887 si
1057 827 1134 906 quid
1150 836 1226 889 tene·

146 911 266 972 brarnrn
284 911 388 972 alludit
400 911 534 973 exsilium
549 920 600 972 aut
614 928 733 981 eorum,
756 928 832 989 quae
847 911 935 971 modo
951 908 1032 985 dixi,
1050 911 1080 973 si
1095 912 1169 992 quid
1182 931 1226 975 er·

146 996 236 1069 stitit;
263 996 317 1056 etsi
342 996 524 1075 singularum
545 1014 645 1057 rerum
668 1005 740 1057 sunt
758 994 898 1075 propriae
917 996 1171 1069 consolationes,
1194 998 1225 1057 de

147 1081 254 1160 quibus
267 1080 367 1141 audies
379 1089 410 1142 tu
426 1081 555 1161 quidem,
571 1100 637 1143 eum
653 1082 742 1142 voles.
772 1081 830 1142 Sed
844 1080 881 1141 ad
896 1080 1032 1141 eundem
1049 1083 1170 1145 iontem
1184 1088 1260 1144 rell

148 1167 320 1226 vertendum
341 1175 400 1239 est,
423 1167 636 1246 aegritudinem
657 1184 776 1227 omnem
798 1164 904 1245 procul
921 1163 1033 1227 abesse
1050 1186 1069 1227 a
1086 1168 1225 1249 sapiente,

146 1250 227 1329 qnod
242 1251 339 1312 inanis
353 1251 404 1325 sit,
427 1252 505 1331 quod
522 1253 630 1312 trustra
644 1251 834 1330 suscipiatur,
851 1249 930 1329 quod
946 1269 1012 1311 non
1031 1262 1148 1315 natura
1162 1272 1226 1315 exo·

148 1335 249 1409 riatur,
264 1337 315 1397 sed
331 1336 455 1410 iudicio,
471 1338 520 1398 sed
538 1337 695 1416 opinione,
717 1337 769 1398 sed
783 1336 909 1415 quadarn
923 1334 1113 1400 invitatione
1127 1340 1165 1401 ad
1179 1340 1226 1401 do·

95 1433 124 1485 83
146 1422 282 1496 lendum,
306 1440 373 1481 cum
395 1422 424 1481 id
447 1422 662 1483 decreverimus
678 1422 716 1482 ita
732 1422 796 1482 fieri
811 1428 960 1499 oportere.
995 1420 1071 1485 Hoc
1087 1423 1226 1497 detracto,

148 1505 228 1584 quod
242 1514 336 1568 totum
352 1517 397 1567 est
411 1507 623 1580 voluntarium,
639 1507 791 1586 aegritudo
806 1506 863 1567 erit
877 1504 994 1567 sublata
1008 1506 1067 1568 illa
1083 1527 1227 1581 maerens,
1243 1514 1262 1567 tt

146 1610 264 1654 morsus
286 1602 382 1653 tamen
405 1602 434 1653 et
459 1592 712 1655 contractiuncula
733 1591 875 1671 quaedam
890 1590 982 1651 animi
999 1592 1226 1673 relinquentur.

147 1676 231 1740 Hane
242 1677 343 1738 dicant
353 1696 424 1740 sane
437 1678 609 1752 naturalem,
625 1677 694 1739 dnm
706 1676 898 1756 aegritudinis
909 1694 1026 1737 nomen
1039 1678 1125 1742 absit
1135 1698 1227 1759 grane,

147 1772 282 1838 taetrum,
302 1766 462 1836 funestum,
480 1763 558 1842 quod
573 1782 640 1823 curn
655 1763 798 1842 sapientia
813 1780 877 1823 esse
891 1770 993 1841 atque,
1008 1772 1050 1823 ut
1065 1764 1110 1827 ita
1126 1766 1228 1839 dicam,

148 1847 279 1909 habitare
295 1849 480 1910 nullomodo
496 1849 597 1928 possit.

232 1938 269 1994 Αῑ
283 1952 357 2013 quae
373 1934 480 2012 stirpes
494 1942 565 1995 sunt
579 1932 780 2012 aegritudinis,
796 1950 884 2011 quam
899 1931 1021 2005 multae,
1041 1951 1140 2013 qnam
1155 1942 1264 1997 amat

148 2020 212 2080 rael
228 2037 304 2098 quae
317 2018 380 2097 ipso
393 2027 500 2080 trunco
513 2037 615 2080 everso
631 2036 735 2079 omnes
747 2016 898 2097 eligendae
914 2026 1047 2094 suntet,
1064 2020 1093 2082 si
1109 2040 1228 2084 neccsse

184 2189 206 2237 1.
216 2188 247 2235 in
256 2200 308 2250 quo
319 2222 338 2237 ..
347 2187 416 2249 poni
423 2179 548 2237 solet‘iirr
559 2186 657 2238 welche
736 2184 835 2249 siquid
844 2185 1015 2235 encomium
1026 2180 1229 2249 offudit‘wenn

148 2252 319 2319 angewendet
336 2268 368 2303 zu
381 2253 483 2304 werden
493 2246 589 2321 pssegt'.
620 2254 656 2305 Zu
708 2281 742 2291 —
757 2253 784 2304 in
796 2252 923 2304 'l'rdbsinn
935 2256 1057 2305 versetzt
1070 2248 1142 2309 hat'.
1171 2256 1229 2325 (dn-

148 2337 244 2374 nomen
273 2322 436 2373 calamitatis
463 2323 513 2388 vgl.
542 2324 582 2387 16,
610 2326 656 2375 35:
708 2320 767 2373 ders
785 2320 872 2385 caliga
890 2318 921 2372 V.
939 2321 965 2383 2,
984 2322 1018 2384 6.)

148 2390 284 2442 auxilinm
301 2390 411 2441 doloris.
741 2392 767 2443 9.
783 2391 841 2454 atsi,
858 2403 879 2441 s.
897 2403 928 2440 zu
947 2386 964 2438 l.
984 2391 1028 2451 42,
1050 2392 1097 2445 99.

183 2462 207 2511 2.
226 2475 291 2526 opus
308 2462 378 2509 enim
395 2462 537 2524 gnomoni,
557 2459 656 2510 scheri·
742 2460 781 2511 10.
800 2457 900 2522 audica,
916 2454 952 2506 im
969 2458 995 2508 4.
1015 2456 1122 2515 Buche.

149 2520 273 2579 halt:‘sie
286 2528 382 2579 sochen
396 2519 493 2579 Arbeit'
505 2526 657 2591 (wieTage·
742 2525 795 2577 Sed
811 2554 844 2562 -
861 2524 1055 2576 emoriendum
1074 2533 1132 2595 eet,
1155 2528 1228 2583 niml.

149 2596 255 2660 ldhner).
289 2594 337 2647 Mil
355 2611 516 2662 qumquam
533 2600 582 2646 cet.
600 2595 657 2645 mil·
707 2591 749 2644 bei
763 2593 812 2645 den
824 2590 956 2644 einzelnen
966 2590 1158 2663 'l'rdstungenz
1169 2596 1229 2659 som

149 2663 204 2715 deri
216 2664 268 2715 Cic.
282 2662 435 2715 einlenkend
448 2664 535 2715 diesen
554 2663 656 2714 lrleinen
703 2652 878 2713 ‘Grundsatz’.

148 2730 220 2781 Hieb.
743 2731 783 2782 13.
801 2719 1183 2799 inuitatione‘Aniiordernng
1197 2748 1229 2785 au

193 2800 216 2850 3.
248 2799 344 2862 plenae
375 2797 558 2849 delectationis
588 2792 657 2850 ‘sehr
708 2796 763 2848 sich
786 2793 884 2849 selbst’.
920 2794 1189 2868 Vgl.so,·13:spet
1202 2816 1229 2851 aa

148 2857 322 2916 interessaut'.
709 2865 746 2916 ad
762 2866 897 2916 miseriam
914 2866 1042 2917 inuiwnt.

189 2937 213 2986 4.
234 2934 271 2983 Ει
292 2937 381 2983 lamen
404 2937 452 2985 cet.
488 2932 563 2984 Sinn:
586 2933 657 2985 lloch
745 2935 784 2985 16.
795 2923 1048 2985 tamen‘hiichstens
1059 2933 1154 2999 noctr‘;
1169 2952 1229 2987 cen·

149 3002 206 3053 sind
219 2999 590 3067 dergleiehenlllonographien
602 3007 657 3053 ent·
709 3002 900 3067 tractionem,
916 3000 1018 3052 worani
1034 3002 1097 3055 sich
1116 3004 1165 3057 das
1183 3004 1228 3057 iol·

149 3070 273 3123 behrliclr.
708 3069 791 3135 gendo
809 3070 885 3120 Hane
909 3068 1027 3133 bezieht,
1057 3070 1121 3123 eine
1139 3074 1229 3139 orgiu-

189 3143 211 3192 5.
235 3141 394 3201 uniuersam,
415 3137 467 3202 vgl.
492 3153 523 3188 zu
544 3136 571 3189 ll.
592 3140 614 3201 1,
632 3140 656 3190 4.
708 3136 787 3189 zende
806 3136 983 3201 Bestimmung
1000 3152 1048 3188 zu:
1068 3155 1180 3192 morsus
1196 3163 1228 3184 =

150 3206 186 3258 Zu
211 3208 349 3258 condoluit
366 3205 417 3272 vgl.
437 3208 461 3270 2,
478 3208 507 3258 3:
529 3206 656 3256 tulerunt.
708 3222 743 3256 ae
760 3210 889 3257 contenet.
902 3208 969 3256 orti:
987 3202 1228 3261 Bellornmenlreit.

185 3278 207 3327 o.
232 3292 309 3326 error
325 3297 359 3318 =
376 3276 467 3341 opinio
491 3274 557 3325 mali
578 3290 657 3340 prae·
709 3273 766 3339 Vgl.
778 3273 819 3325 lV.
833 3276 874 3338 31,
887 3275 932 3326 66:
955 3277 1117 3327 contractio
1134 3280 1228 3328 anisii.

148 3348 239 3409 sentis,
250 3347 279 3394 in
289 3359 341 3410 quo
354 3345 420 3408 angi
432 3348 555 3409 oportere
566 3343 655 3393 videa·
742 3345 782 3393 ll.
799 3357 871 3403 aune,
890 3342 941 3407 vgl.
959 3356 992 3392 zu
1008 3340 1052 3393 Ν.
1073 3345 1118 3409 21,
1136 3348 1181 3399 48.

150 3418 202 3463 tur.
748 3413 786 3463 19.
804 3412 940 3473 habitare,
964 3409 1063 3474 griech.
1082 3417 1229 3479 συνοικεῖν,

184 3480 309 3531 alicunde
321 3473 379 3531 ‘aus
391 3479 479 3544 irgend
498 3479 580 3531 einem
593 3479 660 3530 ein·
712 3478 763 3542 vgl.
783 3477 811 3529 V.
830 3479 871 3541 24,
889 3479 935 3530 69:
952 3480 1089 3542 sapientis
1106 3484 1229 3533 animun

150 3549 268 3600 zetnen
287 3546 484 3613 Gegenstande’.
711 3561 770 3596 eum
779 3548 821 3596 liis
833 3548 998 3596 latitantem
1002 3554 1229 3610 pernoctantem·

185 3621 208 3668 l.
233 3621 379 3681 paupertas
407 3616 558 3667 momordit.
602 3614 658 3680 Vgl.
711 3631 762 3679 qua
781 3617 861 3665 curis.

150 3682 191 3735 tv,
216 3686 257 3747 20,
275 3687 321 3737 45:
346 3685 465 3734 mardani
488 3686 659 3734 cometentia.
745 3684 786 3736 21.
800 3680 944 3748 eligendas,
956 3680 1012 3732 hier
1023 3681 1080 3734 und
1092 3684 1111 3751 5
1124 3687 1160 3739 84
1172 3685 1229 3738 das·

151 3751 302 3802 Autserdem
320 3768 340 3803 s.
359 3769 391 3803 zu
405 3751 434 3803 V.
448 3755 471 3815 6,
492 3755 535 3805 16:
558 3755 660 3803 temoni
712 3751 782 3802 selbe
796 3751 844 3802 wie
863 3752 887 3811 6,
908 3752 952 3803 13:
981 3749 1098 3801 wellen
1111 3744 1229 3806 ‘auman-

151 3847 186 3856 -
205 3820 322 3870 caedunt
340 3826 388 3871 cet.
711 3817 762 3882 len,
781 3808 940 3884 ansrupten',
960 3817 1003 3869 ein
1020 3832 1087 3871 vom
1105 3820 1230 3875 tundnau
