2550 4410
123 183 165 242 84
471 183 564 236 LIBER
581 185 599 239 l.
618 187 659 250 36,
678 188 719 238 88.
737 188 778 250 37,
797 189 837 239 89.

122 363 155 416 ut
170 356 288 428 sciatur,
302 356 372 434 quid
384 357 421 417 sil
430 375 535 425 carere,
561 376 598 416 ne
611 357 796 435 relinquatur
807 357 916 434 aliquid
928 357 1040 417 erroris
1052 357 1085 417 in
1098 357 1191 417 verbo.

126 441 229 503 Carere
245 441 333 520 igilur
348 441 405 502 hoc
421 440 581 520 significat,
605 460 693 520 egere
709 461 761 514 co,
784 441 988 520 quodhabere
1004 441 1086 503 velis.
1118 441 1191 503 Inest
1226 468 1228 509 ;

123 527 202 587 enim
218 527 290 586 velle
302 527 333 586 in
346 526 484 598 carendo,
501 525 558 587 nisi
574 545 641 587 curn
654 527 696 587 sic
711 538 859 606 tamquam
872 527 902 586 in
916 527 992 588 febri
1008 526 1127 601 dicitur,
1142 527 1188 587 alia
1226 564 1228 573 ι

122 612 246 690 quadarn
274 611 397 672 notione
418 611 511 672 verbi.
549 611 661 672 [licitur
690 613 768 672 enim
794 612 850 672 alin
875 611 1073 674 modoetiam
1090 630 1188 683 cerere,

121 716 189 758 curn
211 696 318 775 aliquid
343 715 404 757 non
427 696 534 757 habeas
557 704 587 756 et
610 715 671 757 non
693 698 802 757 habere
823 704 852 756 le
874 697 999 771 sentias,
1023 697 1111 757 etiam
1126 697 1150 758 si
1163 697 1210 758 idt

121 782 205 843 lacile
226 781 346 861 patiare.
384 780 426 841 lta
450 799 546 842 curere
561 781 591 841 in
607 790 702 842 morte
718 802 779 842 nen
796 780 920 858 dicitur;
950 801 1006 842 nec
1022 782 1104 843 enirn
1120 790 1188 843 esset

121 867 297 941 dolendum
329 866 435 926 dicitur
450 866 531 937 illud,
548 867 619 928 deno
643 886 754 940 carcre,
777 867 855 945 quod
872 877 916 927 est
930 867 1051 927 malum.
1083 867 1140 928 Sed
1155 884 1187 927 ne

120 953 202 1013 vivus
214 951 332 1030 quidem
343 950 424 1011 bono
436 958 525 1025 caret,
542 951 566 1011 si
583 970 617 1011 eo
632 971 692 1012 neu
709 951 829 1030 indiget.
860 952 918 1012 Sed
935 953 966 1013 in
980 952 1047 1012 vivo
1063 951 1186 1029 intellegi

120 1047 219 1096 tamen
236 1042 342 1115 potest,
358 1054 451 1114 regno
467 1044 495 1095 te
511 1054 613 1096 carere
628 1071 669 1080 -
684 1037 742 1097 dici
758 1045 856 1097 autern
871 1037 929 1097 hnc
944 1038 975 1097 in
991 1044 1021 1097 te
1036 1038 1110 1098 satis
1123 1037 1186 1098 sub-

120 1121 212 1181 tiliter
229 1139 289 1180 non
306 1128 420 1200 potest3
442 1129 541 1200 posset
563 1121 592 1181 iu
609 1121 780 1200 Tarquinio,
804 1140 873 1182 cum
888 1141 981 1202 regno
998 1130 1078 1183 esset
1093 1121 1187 1202 expul-
1201 1125 1215 1176 ll

120 1225 171 1267 sus
183 1240 242 1277 -,
257 1213 286 1265 at
301 1205 332 1265 in
349 1214 467 1266 mortuo
485 1224 522 1265 nc
534 1205 666 1286 intellegi
678 1207 813 1284 quidem3
826 1225 927 1268 carere
942 1206 1022 1267 enim
1037 1207 1186 1268 sentientis

121 1299 174 1364 cst,
187 1309 242 1351 nec
258 1309 363 1351 sensus
375 1291 405 1350 in
418 1299 551 1351 mortue:
568 1310 606 1351 ne
619 1309 720 1352 carere
733 1291 850 1371 quidem
863 1291 952 1371 igitur
963 1292 994 1352 in
1007 1300 1126 1353 mortun
1141 1299 1186 1353 est

69 1382 104 1438 37
207 1375 392 1454 Quamquam
407 1375 477 1454 quid
490 1394 564 1455 opus
580 1377 665 1437 estin
678 1378 734 1437 lioc
748 1376 958 1456 philosophari,
975 1395 1044 1437 cum
1056 1395 1121 1438 rem
1132 1395 1185 1438 nen

69 1473 98 1524 89
120 1478 228 1540 magno
244 1479 334 1539 opere
354 1460 540 1541 philosophia
562 1481 649 1541 egere
664 1459 836 1522 videamus?
867 1461 1013 1532 Quotiens
1029 1482 1093 1522 non
1108 1462 1186 1523 mode

121 1547 258 1606 ductores
271 1547 373 1618 nostri,
388 1546 440 1606 sed
452 1546 580 1608 universi
596 1547 681 1607 etiam
697 1546 844 1607 exercitus
854 1546 891 1606 ad
906 1566 967 1608 non
979 1546 1100 1607 dubiam
1116 1548 1215 1608 mor-li

121 1642 181 1691 tem
197 1632 430 1699 concurreruntl
451 1632 534 1702 Quae
547 1631 667 1710 quidem
684 1632 708 1692 si
724 1631 887 1705 timeretur,
904 1651 964 1693 non
977 1631 1010 1692 L.
1021 1633 1133 1694 Brutus
1145 1649 1186 1691 ar·

121 1735 192 1776 cens
208 1734 275 1776 eum
291 1716 388 1776 reditu
404 1724 574 1796 tyrannum,
590 1735 679 1794 quern
694 1717 757 1796 ipse
769 1716 929 1796 expulerat,
945 1717 976 1777 in
988 1718 1105 1797 proelio
1121 1736 1186 1778 con·

121 1801 253 1875 uidisset,
277 1820 338 1862 non
355 1820 422 1863 curn
438 1802 551 1863 Latinis
566 1803 721 1863 decertans
735 1810 820 1881 pater
836 1802 956 1876 Decius,
977 1820 1045 1863 euni
1061 1801 1186 1864 Etruscis

120 1888 212 1961 lilius,
240 1905 308 1948 cum
323 1887 437 1966 Pyrrho
453 1906 546 1967 nepos
562 1907 593 1948 se
608 1887 737 1948 hostium
751 1887 816 1947 telis
832 1886 1029 1962 abiecissent,
1054 1907 1116 1948 non
1132 1906 1186 1948 unc

122 2023 161 2082 14,
179 2024 224 2072 40:
245 2020 337 2071 stabile·
354 2025 380 2069 et
396 2019 462 2081 fimo.
498 2019 568 2070 illud
584 2037 629 2070 ec·
681 2019 782 2071 sclches
800 2019 954 2084 Enthehren,
971 2020 1022 2072 wie
1038 2020 1085 2073 das
1103 2036 1187 2072 carere

119 2089 275 2138 metiendum
287 2093 326 2138 est
337 2092 368 2137 ut
383 2090 495 2151 sciatur,
513 2089 579 2152 quid
594 2091 631 2138 eit
681 2087 760 2150 febri,
780 2088 881 2138 mcinle.

120 2170 213 2206 carere
234 2147 314 2206 ‘muls
340 2153 381 2206 die
408 2153 558 2221 Bedeutung
585 2155 630 2208 des
715 2147 1015 2208 t.dieitur‘eswirdin
1035 2154 1188 2208 demSinnc

119 2222 223 2274 Wortes
241 2222 420 2274 enlbehren
439 2223 572 2287 grundlich
590 2225 631 2288 (ut
681 2215 793 2289 gesagl'.
828 2221 873 2274 Die
897 2239 977 2289 ganne
999 2222 1084 2276 Stelle
1107 2223 1188 2276 wdrde

118 2292 232 2356 sciatur)
244 2290 393 2342 untersucht
404 2282 530 2342 werden'.
559 2291 631 2354 Quid
681 2291 748 2343 ohne
766 2290 815 2342 den
833 2291 1057 2356 parenthetischen
1077 2291 1139 2344 Satn
1152 2293 1189 2343 lte

118 2362 155 2410 sil
171 2374 264 2410 carere
281 2359 360 2424 h'aingt
372 2359 403 2409 ab
417 2374 468 2410 vnn
481 2364 570 2410 caecat.
582 2364 629 2410 est.
681 2374 774 2410 carere
786 2363 834 2410 cet.
848 2358 988 2411 deutlicher
1000 2359 1065 2411 sein.
1094 2360 1188 2412 Auden

154 2429 177 2478 3.
196 2432 340 2493 luraquem,
358 2426 413 2478 hier
429 2426 629 2492 veientanae
681 2427 772 2478 Zusatz
783 2426 852 2478 eines
860 2426 1074 2480 Glossatcrsaber
1081 2428 1116 2480 ist
1125 2428 1189 2480 nicil

119 2494 181 2548 nv.
192 2498 216 2560 5,
227 2499 257 2549 13
267 2521 300 2541 =
309 2500 351 2556 ut3
360 2495 456 2559 jedoch
469 2495 533 2547 wird
545 2510 574 2547 es
583 2510 631 2546 nur
680 2510 712 2547 zu
722 2493 831 2557 deuken,
844 2494 875 2545 da
888 2494 933 2546 der
942 2495 1001 2547 Sata
1015 2495 1070 2547 Sed
1076 2513 1112 2547 nc
1119 2499 1189 2548 vivas

119 2564 201 2616 selten
218 2564 280 2629 (und
298 2563 364 2616 noch
377 2563 487 2616 seltener
505 2566 591 2629 qaeaezl
604 2565 629 2613 in
682 2563 787 2627 quidem
796 2567 845 2614 cet.
859 2562 901 2614 die
912 2563 1080 2616 unmittelbar
1091 2565 1189 2617 vortu-

118 2631 163 2683 der
179 2631 368 2697 Vergleieliung
383 2647 435 2684 von
452 2636 534 2683 etwas
552 2631 630 2682 That-
681 2628 815 2696 gehendeu
829 2630 920 2682 Worte
937 2630 1015 2683 kaurn
1032 2631 1188 2684 enthelulicli

118 2701 273 2751 sachlichena
286 2700 434 2766 gebraucht.
456 2700 539 2762 Quasi
550 2697 631 2750 findet
681 2698 773 2750 machl.

120 2767 174 2818 sich
191 2769 218 2818 ln
235 2767 318 2818 dieser
333 2764 517 2817 llonstrulition
530 2767 584 2818 Cat.
597 2782 630 2818 m.
715 2766 788 2831 quod
809 2771 848 2816 est
869 2766 969 2816 malum
992 2765 1055 2832 geht
1080 2767 1126 2819 aul
1145 2766 1188 2818 den

120 2833 630 2898 19,71.-Zudicdturistcareresubj.
680 2833 838 2900 vereinigten
857 2833 955 2900 Begriff
969 2835 1037 2885 beno
1057 2843 1157 2886 carere.

154 2905 177 2954 5.
200 2917 254 2953 non
276 2903 373 2951 labeas
395 2905 444 2952 cet.
484 2900 533 2953 Der
554 2901 630 2967 Konj.
717 2905 756 2955 14.
776 2902 902 2964 Quotiens
919 2906 969 2954 cet.
1006 2900 1097 2954 llieser
1114 2902 1189 2955 Stelle

120 2971 197 3035 stelit,
211 2969 270 3021 weil
283 2968 362 3020 durch
375 2968 416 3020 die
429 2971 521 3020 zweite
534 2969 629 3023 Person
680 2970 739 3022 sehr
757 2968 859 3021 dhnlich
877 2970 912 3021 ist
929 2969 983 3022 Cal.
999 2967 1034 3038 Μ.
1055 2973 1098 3032 20,
1115 2974 1156 3024 75.

120 3040 165 3091 das
177 3037 358 3091 uubestimmte
371 3035 481 3101 Subjelu
493 3039 570 3102 (man)
586 3039 629 3090 he·
716 3040 755 3090 15.
769 3039 899 3102 ducturas,
912 3037 954 3089 eiu
965 3038 1037 3089 mehr
1046 3039 1188 3104 po'e'lieehes

120 3107 236 3159 zcichnet
251 3105 323 3156 wird.
680 3105 754 3157 Wort
771 3106 823 3156 und
842 3105 992 3157 vendicare
1011 3122 1060 3158 nur
1078 3107 1134 3159 hier
1150 3121 1189 3174 ge·

154 3178 177 3227 d.
199 3175 240 3225 lta
264 3190 357 3224 curere
374 3165 412 3224 ‘ln
435 3173 531 3226 diesem
550 3173 628 3226 Sinne
679 3174 795 3227 brauchl.

119 3243 179 3308 (wie
205 3258 263 3293 man
282 3247 340 3308 sagt
356 3240 429 3302 febri
446 3244 547 3306 carere)
564 3242 628 3294 wird
715 3246 755 3296 16.
778 3245 803 3292 ει·
824 3244 974 3306 timeretur,
1001 3257 1021 3294 s.
1046 3245 1088 3309 12,
1106 3245 1138 3296 27
1162 3257 1189 3294 zu

119 3311 301 3364 enthehr'eu
318 3311 389 3362 nicht
405 3310 569 3363 hiueichtlicli
585 3310 630 3361 des
679 3313 734 3360 nisi
750 3313 879 3361 tiaereret.

119 3379 204 3432 Todes
222 3370 375 3446 gebraucht'
389 3379 412 3431 d.
428 3380 452 3430 ll.
470 3394 521 3430 von
539 3378 629 3441 denen,
714 3378 745 3428 L.
757 3379 866 3451 llantur.
897 3377 924 3429 L.
939 3376 1031 3429 Junius
1043 3377 1141 3430 Brutus
1152 3376 1189 3439 liel

118 3449 217 3501 welche
228 3463 281 3499 von
293 3448 375 3499 einem
388 3463 479 3498 carm
491 3446 535 3498 der
547 3445 630 3498 Tcten
682 3448 731 3498 509
749 3446 793 3497 im*
801 3444 908 3510 Kample
926 3459 1008 3510 gegen
1026 3445 1070 3498 die
1081 3461 1134 3498 von
1146 3446 1189 3498 dea

117 3518 203 3570 reden.
238 3515 265 3567 ln
289 3520 374 3566 merle
395 3516 521 3582 prignanl
543 3515 584 3565 lfir
600 3517 630 3565 in
681 3512 818 3578 Vejentern
831 3517 1019 3565 unlerslfitzten
1033 3512 1189 3582 Tarquinier.

117 3591 204 3638 nrorte
215 3584 383 3651 appellanda.
410 3582 445 3635 So
458 3581 524 3634 auch
535 3581 570 3633 im
583 3581 630 3633 lol·
718 3584 756 3634 18.
774 3583 879 3632 Dacius.
908 3579 937 3632 P.
954 3579 1048 3633 Ilecius
1066 3581 1134 3647 llius,
1151 3581 1190 3634 der

119 3653 226 3720 genden.
681 3648 771 3714 Vater‚
793 3649 887 3701 weihte
905 3648 959 3701 sicli
977 3648 1035 3700 dem
1054 3648 1190 3718 Oplertcde

153 3736 201 3771 nec
219 3723 289 3770 enim
306 3724 374 3771 ascet
394 3719 536 3771 dolendum
550 3710 629 3769 ‘denn
681 3732 721 3769 am
734 3716 836 3769 Veseris
854 3719 912 3781 340,
931 3716 975 3768 der
986 3715 1058 3769 Sohn
1077 3719 1121 3771 bei
1134 3718 1191 3771 Seu

119 3804 177 3840 man
195 3788 266 3839 hatte
284 3787 350 3840 daun
363 3787 455 3839 keinen
467 3785 554 3839 Grund
571 3800 629 3838 zum
681 3786 761 3837 linum
780 3788 842 3850 295,
866 3784 911 3838 der
928 3784 1032 3850 (eeltner
1052 3787 1190 3846 erwlilintel

118 3857 273 3922 Bedauern,
290 3870 366 3908 wenn
383 3870 442 3907 man
459 3854 569 3907 namlich
588 3855 629 3906 cin
680 3852 762 3906 Eulael
779 3853 822 3906 bei
838 3853 960 3907 Asculum
978 3854 1029 3906 279
1048 3869 1074 3908 v.
1093 3854 1153 3911 (llu.
