2550 4410
101 201 140 261 28
484 201 579 254 LIBER
596 202 614 255 l.
632 203 656 265 3,
675 204 698 256 6.
717 205 741 266 4,
759 206 783 255 7.

101 374 181 454 quod
197 373 279 435 multi
291 373 349 434 iarn
360 391 424 435 esse
440 373 505 434 libri
518 373 615 434 Latini
632 373 773 435 dicuntur
783 373 885 453 scripti
897 373 1119 436 inconsiderate
1138 376 1173 437 ab

101 458 219 539 optimis
234 458 290 520 illis
305 458 425 537 quidem
445 459 529 532 viris,
551 459 601 520 sed
624 477 686 519 non
707 460 777 520 satis
801 458 934 520 eruditis.
971 458 1050 520 Fieri
1073 469 1173 522 autem

101 553 197 624 potest
212 552 245 603 ut
259 552 338 604 recte
354 544 420 622 quis
435 543 542 604 sentiat
556 552 586 604 et
599 543 644 617 id,
667 545 746 623 quod
760 543 866 616 sentit,
888 544 979 622 polite
995 545 1096 624 eloqui
1114 565 1172 608 non

100 629 208 708 possit;
239 628 291 690 sed
312 630 452 689 mandare
474 646 653 708 quemquam
673 628 777 690 litteris
799 629 993 707 cogitationes
1012 648 1097 704 suas,
1126 632 1175 710 qui

101 732 149 775 eas
165 731 220 775 nec
236 713 395 793 disponere
412 732 467 774 nec
488 713 652 775 inlustrare
668 713 761 793 possit
782 731 839 774 nec
860 713 1056 775 delectatione
1077 716 1175 795 aliqua
1194 725 1208 774 a

100 798 217 860 allicere
232 798 384 870 lectorem,
400 798 529 859 hominis
544 807 589 859 est
603 799 838 877 intemperanter
856 798 1006 860 abutentis
1022 809 1052 860 et
1067 801 1129 861 otio
1147 810 1175 862 et

100 883 213 944 litteris.
258 883 359 961 ltaque
374 902 444 944 suos
459 882 551 944 libros
565 883 620 963 ipsi
639 884 743 961 legunt
763 902 831 945 cum
845 883 922 956 suis,
945 902 1001 945 nec
1017 885 1174 964 quisquam

100 968 219 1045 attingit
233 975 350 1045 praeter
365 987 425 1041 eos,
442 967 493 1046 qui
508 969 631 1028 eandem
647 968 795 1029 licentiam
807 968 956 1029 scribendi
972 969 1027 1030 sibi
1043 970 1177 1048 permitti

101 1052 213 1112 volunt.
244 1051 308 1122 Qua
324 1071 356 1112 re
371 1054 396 1114 si
411 1052 520 1131 aliquid
536 1053 681 1114 oratoriae
696 1053 791 1114 laudis
807 1061 907 1114 nostra
923 1054 1072 1116 attulimus
1086 1055 1176 1116 indu·

101 1136 187 1210 stria,
210 1136 303 1196 multo
319 1136 479 1199 studiosius
494 1137 697 1217 philosophiae
713 1139 804 1199 tontis
820 1137 1002 1217 aperiemus,
1026 1157 1042 1199 e
1064 1139 1172 1218 quibus
1196 1147 1217 1198 lt

102 1221 189 1282 etiam
205 1221 253 1281 illa
267 1222 436 1283 manabant.

66 1313 86 1368 4
188 1305 247 1366 Sed
262 1315 294 1367 ut
309 1307 495 1380 Aristoteles,
510 1307 555 1367 vir
569 1326 684 1368 summo
700 1306 831 1384 ingenio,
847 1307 979 1381 scientia,
996 1309 1091 1387 copia,
1109 1327 1176 1372 cum

70 1402 84 1450 t
103 1400 202 1452 motus
219 1399 296 1452 esset
311 1392 448 1457 lsocratis
464 1391 592 1454 rhetoris
607 1391 717 1469 gloria,
739 1391 837 1452 dicere
853 1392 960 1453 docere
976 1393 1063 1454 etiam
1078 1394 1178 1473 coepit

101 1475 298 1536 adulescentis
321 1487 349 1537 et
370 1477 558 1556 prudentiam
580 1495 648 1538 cum
670 1476 839 1554 eloquentia
861 1477 1002 1556 iungere,
1023 1477 1066 1538 sic
1088 1479 1177 1540 nobis

137 1628 160 1676 1.
178 1627 211 1676 ab
230 1628 338 1690 optimis
349 1626 404 1676 illis
422 1627 535 1692 quidem.
564 1625 613 1677 Der
698 1630 722 1678 9.
740 1627 765 1676 ei
780 1626 887 1691 aliquid
898 1617 1178 1692 ‘wennirgendetuas

100 1692 228 1744 ironisehe
241 1692 373 1746 Gebrauch
386 1710 436 1747 von
452 1696 568 1761 optimus
579 1695 614 1746 ist
665 1692 942 1759 Wesentlicbes,wenn
952 1694 1070 1746 wirklich
1079 1686 1179 1759 etwas',

101 1759 160 1811 sehr
177 1759 272 1827 hiufig.
303 1760 360 1827 Vgl.
378 1762 410 1814 de
425 1761 472 1815 lin.
489 1763 506 1813 l.
526 1767 549 1827 t,
568 1765 613 1814 25:
666 1761 781 1826 wie§5:
793 1764 818 1810 si
830 1764 954 1827 occupati
963 1761 1121 1828 profuimus
1130 1765 1180 1815 ali-

101 1828 224 1880 Homines
248 1833 341 1896 optimi
366 1847 421 1882 non
446 1830 614 1894 intellegunt.
666 1829 1179 1896 qntd;attulimus,sapopnioromano.

101 1896 157 1947 lun
174 1896 218 1960 (ε
236 1912 267 1948 an
285 1897 349 1962 sich)
367 1914 414 1950 vor
436 1899 541 1964 qnidam
560 1901 616 1950 ent·
703 1899 742 1947 ll.
768 1895 816 1946 illa
839 1899 999 1962 manabant,
1024 1897 1125 1951 Constr.
1147 1899 1179 1951 ad

100 1964 614 2032 sprichtdemregelma'rlsigenllebrauch3
667 1964 781 2031 synesin,
800 1963 845 2014 aul
861 1965 967 2031 aliquid
982 1965 1128 2032 bezuglich.

102 2031 169 2083 denn
181 2032 223 2082 bei
233 2031 438 2099 Eimiiumungen
450 2033 497 2083 mit
509 2033 614 2097 qnidam
701 2033 741 2083 12.
759 2033 916 2083 Aristoteles
934 2049 983 2084 von
997 2032 1108 2099 Stagira,
1120 2035 1179 2101 gob.

103 2097 166 2149 wird
191 2113 238 2149 vor
262 2098 372 2163 diesem,
397 2115 473 2151 wenn
496 2100 538 2152 ein
560 2102 614 2164 sed,
666 2099 1179 2167 384v.6br.‚hebrerAlexandersd.Gr.,

101 2166 148 2215 sed
165 2169 254 2215 tamon
272 2167 334 2218 oder
352 2184 413 2219 nero
433 2167 507 2233 lolgt,
525 2169 551 2218 in
570 2168 614 2220 der
666 2167 777 2219 nachher
798 2168 824 2219 in
842 2168 926 2220 Athen
944 2168 1033 2220 Stiiter
1050 2169 1095 2221 der
1132 2171 1180 2223 eri-

103 2236 183 2298 guten
196 2232 274 2284 Prosa
293 2238 357 2287 stets
375 2236 416 2287 ein
435 2234 509 2287 Pron.
528 2236 614 2301 einge-
666 2239 744 2302 patet.
759 2234 862 2287 Schule.
892 2235 949 2302 Vgl.
964 2236 996 2287 de
1009 2241 1072 2289 orat.
1084 2187 1179 2301 uffan,

102 2300 220 2365 sebaltet,
237 2301 289 2353 und
303 2302 357 2354 dies
369 2301 450 2355 findet
463 2304 528 2355 auch
547 2303 613 2355 dann
667 2305 728 2354 141:
747 2303 805 2368 lpse
821 2304 986 2368 Aristoteles,
1004 2319 1063 2356 enm
1080 2307 1181 2367 florere

102 2371 177 2431 stati,
200 2383 275 2420 wenn
297 2370 367 2422 nicht
389 2373 455 2423 zuei
479 2371 613 2423 Pridikate
664 2371 808 2421 Isocratem
825 2372 966 2422 nobilitate
984 2373 1180 2438 discipulorum

102 2435 237 2488 desselben
253 2436 325 2503 Subj.
338 2438 459 2492 einander
476 2445 616 2506 entgegen·
666 2439 776 2502 uideret,
793 2467 827 2477 -
839 2442 955 2490 mutauit
971 2445 1079 2504 repente
1098 2447 1180 2493 totam

101 2509 201 2570 gesem
230 2507 342 2561 werden.
383 2506 418 2560 So
443 2511 521 2560 unten
544 2509 561 2575 ξ
586 2509 613 2559 9;
665 2504 783 2566 somnam
806 2522 892 2572 prope
921 2508 1080 2572 disciplinae
1106 2525 1179 2562 eatae.

101 2575 232 2624 neminem
251 2579 281 2626 tn
294 2577 400 2640 quidem
417 2592 443 2628 u.
456 2592 479 2628 o.
508 2576 544 2629 Zu
557 2576 615 2627 dem
666 2574 760 2639 ltaque
777 2578 886 2625 ornauit
901 2580 927 2624 ot
943 2576 1103 2626 inlustravit
1119 2577 1182 2629 doe-

101 2640 184 2693 lnhalt
196 2641 241 2692 der
253 2641 333 2696 Stelle
345 2644 398 2711 rgl.
411 2647 498 2697 unten.
511 2643 539 2696 ll.
552 2646 613 2708 3‚t;
666 2644 767 2692 trinam
796 2643 871 2693 illam
899 2658 1003 2694 omnem
1037 2659 1182 2712 rerumque

101 2707 142 2759 lV.
162 2710 185 2770 3,
204 2709 257 2759 6u.
270 2714 294 2763 7.
667 2711 847 2773 cognitionem
869 2727 929 2761 eum
954 2714 1086 2762 orationis
1104 2729 1181 2764 erear-

136 2777 159 2826 3.
177 2777 277 2825 renunt
295 2768 410 2839 ‘denkt’‚
433 2777 483 2828 wie
501 2776 528 2828 ll.
548 2780 572 2840 3,
590 2782 614 2830 t.
667 2779 796 2828 citatione
813 2781 964 2830 eoninnoeit.
991 2778 1061 2832 Doeh
1079 2779 1124 2847 lag
1136 2781 1181 2834 der

103 2840 137 2893 So
159 2857 236 2893 amun
257 2837 432 2907 ‘Gedanken'‚
457 2844 510 2910 vgl.
522 2844 560 2896 de
578 2859 613 2897 or.
667 2843 753 2896 Grund
766 2844 889 2897 bierznin
901 2846 946 2898 der
958 2846 1182 2912 pralrtisch.Rlch-

102 2909 119 2962 1.
134 2911 157 2972 8,
170 2911 215 2962 32:
235 2913 385 2976 arepennem
402 2912 513 2963 dicendo
530 2929 615 2965 anua.
666 2916 730 2977 teng
748 2914 832 2965 seiner
844 2913 1010 2981 Philosopbie
1028 2915 1182 2983 uberhaupt

136 2983 267 3029 et-non
284 2982 377 3045 possit,
395 2995 415 3032 s.
431 2995 453 3033 z.
472 2981 513 3044 38,
526 2983 571 3033 92:
590 2986 616 3032 et
700 2982 777 3045 copie
800 2983 860 3044 (wie
884 2985 1027 3048 copiosus),
1050 2997 1104 3034 von
1123 2983 1182 3035 dem

103 3045 217 3097 dubitas.
666 3045 800 3099 Reichtum
823 3064 855 3100 an
873 3049 1012 3102 Gedanlren
1036 3050 1087 3102 und
1107 3051 1182 3103 Wor-

135 3116 160 3166 4.
173 3128 339 3178 quenquam,
349 3112 374 3164 in
386 3114 614 3180 positivensatzen
665 3118 709 3167 ten
727 3116 875 3180 gebraucht.

101 3205 136 3226 =
146 3179 211 3231 auch
224 3196 272 3231 nur
283 3181 373 3247 irgend
390 3182 468 3246 einer,
487 3183 551 3234 auch
568 3199 615 3236 nur
702 3185 743 3235 13.
760 3183 895 3249 lsolrrates‚
914 3185 971 3251 gob.
985 3187 1044 3249 436,
1056 3184 1129 3238 lebte
1140 3186 1182 3238 bis

102 3247 146 3299 der
163 3247 301 3314 geringste.
337 3247 372 3302 So
390 3249 416 3301 in
436 3250 489 3302 Cat.
506 3251 524 3304 l.
543 3253 567 3316 2,
584 3254 612 3304 6:
665 3267 710 3304 mr
738 3250 859 3303 Schlacht
889 3253 932 3305 bei
959 3252 1090 3304 Chironea
1121 3255 1182 3320 338,

102 3314 187 3379 Quem
210 3317 258 3366 din
282 3321 421 3382 quisquam
442 3322 497 3369 erit
519 3323 566 3385 qui
590 3323 615 3369 te
665 3319 731 3370 nach
756 3320 867 3371 welcher
890 3337 917 3373 er
939 3321 995 3372 sich
1016 3320 1100 3373 selbst
1131 3323 1181 3376 (len

101 3382 242 3444 defendere
266 3385 378 3450 undeet,
404 3387 489 3448 niuem
513 3388 545 3438 de
568 3386 613 3438 iat.
665 3385 723 3438 Tod
741 3387 798 3453 gab.

104 3453 143 3516 12,
162 3454 208 3504 26:
231 3457 281 3504 ant
302 3455 445 3519 quiequam
460 3470 537 3521 posse
553 3454 616 3516 fieri
699 3455 788 3506 dicere
805 3456 907 3520 dooere,
926 3455 977 3522 vgl.
995 3455 1027 3507 de
1039 3471 1075 3508 or.
1088 3455 1129 3509 lll.
1140 3461 1182 3522 16,

100 3523 158 3572 eine
177 3536 267 3571 eausa.
666 3525 711 3575 61:
743 3524 810 3574 Hine
836 3525 863 3587 (a
889 3523 1009 3588 Socrate)
1035 3524 1182 3576 discidium

135 3592 158 3640 l.
195 3605 255 3640 enm
271 3590 327 3639 ntis
340 3580 404 3640 ‘mit
421 3586 614 3655 Gletohgesinn-
665 3591 858 3656 illudeoerttttt
876 3595 954 3656 qnasi
971 3592 1081 3656 linguae
1100 3598 1182 3660 atque

102 3660 158 3719 ten,
181 3657 228 3718 ipit
252 3657 325 3708 ihren
342 3649 512 3723 Achingern'.
556 3656 614 3724 Vgl.
667 3659 767 3722 cordae,
791 3660 937 3710 absurdum
958 3675 1023 3709 sane
1040 3665 1067 3710 et
1081 3661 1182 3712 intactile

101 3722 133 3773 ad
145 3720 197 3774 nn.
210 3722 274 3777 lllV.
290 3727 370 3788 122:
391 3725 522 3789 Octauius,
538 3741 615 3790 poem
666 3730 693 3776 et
712 3727 969 3791 reprehendendum,
997 3731 1029 3778 nt
1056 3727 1107 3778 atta·
1132 3744 1182 3780 nas

100 3790 207 3856 quidem
229 3795 274 3843 ena·
292 3791 430 3844 Caesarem
452 3793 615 3858 salutabant,
665 3809 767 3858 sopore,
786 3795 835 3845 alit
852 3796 940 3846 dicere
958 3796 1091 3848 docerent.

100 3857 239 3924 Rbiltppna
255 3874 310 3910 non
327 3861 397 3913 itnn.
497 3918 499 3923 .
696 3863 925 3928 rependentem,
934 3864 1182 3930 sonstgewdhnlich
