2550 4410
113 110 154 171 72
520 108 619 163 1.th
634 107 676 163 lt.
695 110 789 175 tsat.

114 304 188 347 esse.
217 284 314 363 Atque
329 292 363 344 ut
377 282 408 343 in
431 283 515 344 malis
529 281 647 361 attingit
668 280 758 343 animi
780 290 923 343 naturam
948 283 1100 365 corporis
1112 283 1199 347 simili-

114 369 201 442 tudo,
225 368 312 431 sicin
335 368 432 429 honis.
463 369 540 429 Sunt
555 367 634 429 enim
658 366 831 447 incorpore
853 368 1049 448 praecipua,
1068 370 1199 445 vuemo,

112 455 207 528 vires,
229 453 434 534 pulchritudo,
456 453 593 527 firmitas,
615 451 770 525 velocitas,
791 461 866 513 sunt
880 452 958 514 item
975 454 1011 515 in
1034 454 1148 518 animo.
1170 454 1200 517 llt

115 540 195 601 enim
211 539 346 619 corporis
361 538 553 617 temperatio,
574 556 643 598 cum
659 555 694 597 ea
708 546 883 616 congruunt
896 538 986 600 inter
1001 558 1052 613 se,
1075 540 1200 621 equibus

115 635 302 697 constamus,
322 627 448 697 sonitus,
470 623 512 684 sic
528 622 618 683 animi
634 622 756 696 dicitur,
778 639 845 682 cum
862 620 929 685 eius
952 623 1072 688 iudicia
1096 626 1223 707 opiniot

115 729 229 790 nosque
244 709 440 782 concordant,
456 726 549 786 eaque
564 708 655 769 animi
666 714 712 769 est
725 706 826 781 virtus,
841 724 934 786 quam
952 708 1010 772 alii
1024 710 1126 791 ipsam
1138 720 1200 773 tem

116 795 280 875 perantiam
301 794 405 855 dieunt
425 812 505 866 esse,
528 793 576 854 alii
598 792 852 871 obtemperantem
873 796 1107 873 temperantiae
1126 812 1200 877 pne·

117 881 212 959 ceptis
227 889 256 941 et
271 897 335 941 eam
351 878 583 957 subsequentem
599 896 655 939 nec
670 875 829 937 habentem
850 876 945 939 ullam
963 880 1107 960 speciem
1121 898 1200 953 suam

116 966 186 1039 sed,
207 965 267 1026 siro
289 963 348 1024 hoc
369 964 428 1025 sire
450 963 521 1024 illud
543 964 595 1037 sit,
617 963 648 1023 in
670 962 735 1024 solo
757 980 822 1023 esse
844 962 997 1044 sapiente.
1036 964 1096 1029 Est
1114 976 1200 1028 autam

118 1050 262 1129 quaedam
284 1048 374 1109 animi
396 1049 519 1123 sanitas,
542 1048 662 1128 quaein
683 1046 873 1126 insipientem
894 1047 991 1111 otiam
1016 1052 1124 1128 cadat,
1145 1057 1233 1115 comit

66 1144 96 1196 st
119 1134 272 1196 curatione
293 1132 475 1193 medicorum
498 1132 687 1195 conturbatio
708 1132 818 1195 mentis
836 1133 989 1195 aufertur.
1029 1135 1071 1198 Et
1092 1146 1129 1200 ut
1147 1156 1202 1199 cor

117 1218 200 1299 poris
216 1226 260 1279 est
276 1219 417 1297 quaedam
433 1227 499 1297 apta
522 1220 617 1298 ligura
631 1218 834 1279 membrorum
855 1235 924 1279 cum
940 1219 1064 1283 coloris
1086 1223 1201 1302 quadam

119 1303 261 1366 suavitate
287 1321 379 1382 eaque
405 1303 512 1364 dicitur
534 1303 733 1384 pulchritudo,
763 1301 805 1364 sic
834 1301 865 1363 in
892 1302 1003 1368 animo
1032 1307 1203 1387 opinionum

120 1388 356 1468 iudiciorumque
376 1387 567 1467 aequabilitas
586 1398 615 1449 et
636 1386 802 1450 constantia
822 1404 891 1449 oum
912 1388 1067 1453 firmitate
1089 1394 1204 1473 qusdm

120 1482 150 1535 et
164 1472 321 1534 stabilitate
340 1472 477 1535 virtutem
499 1473 686 1552 subsequens
705 1481 757 1534 aut
778 1470 893 1534 virtutis
908 1472 971 1535 dm
994 1475 1099 1557 ipsam
1120 1476 1238 1541 conti-b

121 1577 198 1620 nens
213 1559 402 1638 pulchritudo
418 1567 548 1621 vocatur.
578 1558 712 1638 Itemque
726 1556 838 1619 uiribns
858 1559 1006 1639 corporis
1022 1570 1056 1624 et
1071 1564 1207 1627 nerine

120 1645 286 1705 efficacitati
301 1644 411 1706 similes
424 1643 569 1706 similibus
584 1662 704 1724 quoque
723 1640 821 1704 verbis
838 1641 933 1703 animi
946 1644 1038 1710 vires
1053 1649 1207 1711 nominen-

120 1737 179 1791 tur.
214 1728 352 1792 Velocitos
372 1738 470 1790 autem
492 1729 627 1809 corporis
648 1729 776 1791 celentur
796 1726 982 1807 appellatur,
1007 1750 1092 1812 quae
1114 1734 1207 1797 eedem

120 1815 234 1893 ingenii
249 1816 336 1875 etiam
352 1814 415 1875 laus
429 1814 556 1876 habetur
570 1822 695 1894 propter
708 1812 799 1875 animi
814 1811 981 1875 multarum
998 1834 1112 1881 rerum
1137 1816 1206 1881 breri

120 1908 257 1979 tempore
272 1899 506 1979 percursionem.
1222 1908 1243 1963 1

122 2082 539 2146 Gegensatzezostansooluptar.
551 2082 634 2134 Eheu·
684 2096 775 2133 auam:
788 2073 869 2134 ‘ohne
880 2082 1055 2155 selhslindig
1072 2089 1101 2143 in
1119 2088 1209 2143 diem

123 2163 152 2200 so
166 2149 229 2200 wird
243 2148 308 2199 auch
321 2147 388 2199 diter
399 2152 503 2199 certem
513 2148 563 2201 und
574 2164 635 2201 con-
686 2150 829 2215 scheinunq
844 2164 876 2201 ru
894 2144 1008 2207 treten'.

124 2220 226 2266 certem
244 2216 338 2267 medial
355 2217 505 2282 gebraucht.
722 2220 762 2271 10.
772 2220 858 2269 anian
864 2222 973 2271 annitar
982 2226 1040 2275 cet.
1060 2222 1144 2277 Sinn:
1157 2224 1208 2277 let

160 2287 182 2337 1.
206 2286 319 2350 attingit
340 2300 384 2338 an.
410 2290 538 2337 naturam
561 2302 634 2352 corp.
685 2286 721 2338 ist
738 2286 810 2338 nieht
831 2285 873 2338 die
890 2284 965 2340 Rede
981 2304 1043 2343 von
1061 2290 1206 2361 ‹lerienlqes
1244 2336 1247 2353 .

121 2352 635 2421 similitudo-corporisnoturecnimi

123 2426 240 2473 naturae
256 2423 352 2474 similis
368 2426 414 2485 eet.
442 2421 500 2489 vgl.
515 2426 554 2487 10,
564 2425 606 2476 23.

158 2493 182 2543 2.
200 2491 334 2556 oohtndo,
354 2505 375 2542 s.
394 2491 418 2542 d.
436 2490 474 2543 lsr.
492 2492 558 2544 Anb.

160 2561 183 2612 3.
204 2559 237 2614 dt
253 2563 324 2610 eninr
342 2562 465 2625 corporis
482 2566 531 2611 cet.
562 2557 634 2610 Stob.

123 2627 177 2678 Ecl.
200 2628 251 2679 eth.
270 2643 295 2692 p.
317 2629 378 2680 168:
402 2623 498 2696 ὥσπερ
515 2624 567 2697 γὰρ
584 2622 636 2691 τὴν

123 2694 173 2746 τοῦ
200 2691 328 2756 σώματος
357 2690 463 2773 siptacen
489 2691 636 2763 εὐκρασίαν

124 2760 271 2811 εἶναιτῶν
292 2762 323 2811 ἐν
341 2778 381 2825 τῳ
398 2757 504 2824 σώματι
522 2761 637 2830 θερμῶν

124 2830 171 2878 καὶ
188 2828 303 2894 ψυχρῶν
317 2831 363 2878 καὶ
375 2827 468 2897 ξηρῶν
479 2832 524 2879 καὶ
536 2824 636 2899 ὑγρῶν,

124 2887 197 2946 οὕτω
223 2898 269 2945 καὶ
291 2893 343 2960 τὴν
365 2896 413 2961 τῆς
429 2897 514 2963 ψυχῆς
530 2892 636 2967 ὑγίειαν

125 2957 280 3031 εὖκρασίαν-
295 2962 366 3013 εἶναι
385 2962 446 3014 τῶν
463 2966 494 3014 dv
510 2964 545 3030 τῆ
562 2964 636 3032 ψυχῆ

126 3026 279 3153 doyp20'rlsore.
309 3031 346 3082 Zu
370 3017 599 3098 conparatio‘vgl.
616 3016 636 3084 l.

160 3139 185 3221 b.
198 3171 282 3219 aie-
295 3168 408 3218 dicitnr:
426 3182 456 3219 so
469 3167 565 3233 spricht
576 3183 635 3219 man

126 3252 178 3288 von
197 3265 237 3288 -.

161 3306 184 3356 6.
204 3320 286 3370 eaque
299 3305 385 3355 animi
401 3308 441 3353 est
458 3306 551 3356 vir-tur.
571 3302 637 3355 Sub-

124 3372 185 3436 jelt
202 3372 236 3424 ist
253 3371 295 3423 die
312 3375 414 3423 renites
432 3375 525 3426 animi.

161 3443 373 3507 temperantiam.
391 3439 449 3505 vgl.
462 3444 486 3504 9,
497 3444 543 3494 32:
565 3441 639 3492 Tem·

123 3511 249 3574 perantia
266 3508 343 3558 sedat
361 3512 539 3573 appetitiones
556 3513 583 3559 et
600 3509 637 3570 ef-

125 3576 185 3637 ficit
195 3581 227 3626 ut
244 3592 290 3626 ece
301 3580 391 3627 rectae
402 3580 507 3628 rationi
521 3582 639 3643 pareant

125 3648 315 3709 conservatque
341 3645 508 3696 considerata
534 3646 637 3697 iudicia

124 3714 229 3763 mentis.

160 3779 185 3831 8.
203 3794 252 3829 nec
269 3779 407 3831 habentem
424 3781 507 3833 ullam
524 3783 637 3847 speciem

685 2358 913 2474 ztttthtttt’
928 2355 1207 2496 ildtltstld

684 2489 730 2541 der
753 2489 911 2542 Nichlwelse
933 2491 1051 2561 hesitat,
1074 2496 1169 2549 sohald
1183 2510 1207 2549 et

684 2572 737 2677 {op
767 2556 855 2610 keiner
884 2558 1140 2618 Geisleskranlrheit
1168 2566 1207 2617 be·

705 2630 769 2677 atet
786 2626 828 2678 ist.

723 2695 762 2747 13.
784 2710 868 2761 eaque
891 2694 997 2747 dicitur
1019 2700 1205 2764 pulchritudo.

687 2761 745 2827 Vgl.
765 2761 797 2813 de
815 2760 859 2814 oli.
875 2761 893 2813 l.
906 2764 950 2826 28,
962 2766 1012 2819 98:
1030 2768 1204 2833 pulchritudo

688 2832 811 2896 corporis
831 2834 895 2896 apto
912 2838 1116 2898 compositione
1131 2852 1204 2889 nen·

687 2900 797 2949 brorum
817 2902 906 2949 mouet
927 2900 1026 2951 omloa
1048 2906 1204 2957 oidelerio!

687 2966 1202 3041 hocipao,quodinteraeomneepaerbu

686 3049 747 3084 cum
770 3034 885 3099 quodam
909 3035 1002 3099 lepore
1026 3043 1200 3093 comneni

723 3105 763 3154 15.
772 3104 944 3152 virtutiacim
953 3106 1047 3168 ipram
1056 3112 1200 3161 mutium:

682 3162 800 3221 ‘welche
826 3169 872 3222 das
899 3168 996 3224 Wesen
1024 3174 1075 3229 der
1101 3172 1198 3245 mpod

688 3236 771 3289 senc
788 3238 814 3288 n
833 3237 888 3290 sien
906 3232 1052 3297 ssnrrosr’.

724 3307 764 3358 16.
769 3306 946 3371 pulchritudo
956 3314 1088 3369 vocatur.
1100 3312 1196 3365 Pulchr.

688 3376 775 3424 animi
784 3375 817 3424 ist
829 3388 876 3425 nur
885 3374 1022 3441 stoischer,
1035 3379 1113 3433 nicht
1120 3379 1195 3434 lateln

689 3440 923 3508 Sprachqebrauch.

724 3511 764 3561 18.
783 3510 907 3561 celeritas
919 3512 1089 3577 appellatur,
1107 3514 1193 3571 thu

688 3577 733 3629 der
751 3576 922 3644 Anwendung
938 3578 987 3631 aul
1002 3580 1055 3635 den
1074 3582 1153 3639 (leiti.

725 3648 764 3698 19.
786 3648 873 3696 enimi
892 3646 1045 3701 multarunt
1062 3668 1154 3705 rem
1165 3676 1193 3691 -·

686 3718 888 3778 percursionem
905 3714 1001 3782 (Flug),
1022 3733 1045 3771 s.
1063 3718 1094 3774 ll.
1114 3724 1152 3783 15,
1165 3720 1192 3771 li

688 3796 720 3832 zu
739 3779 845 3840 functio
863 3811 896 3821 -
914 3785 1002 3835 anima·
1018 3814 1055 3825 -
1074 3792 1166 3855 operia
