2550 4410
11 13 345 22 ——-——-—-

148 222 209 282 152
469 223 564 277 arnna
582 223 612 277 V.
631 226 777 291 eaesae.
796 225 886 290 abor.

147 398 257 471 torma,
280 404 388 470 aetate,
409 398 503 477 figura
518 397 680 458 metiendas
695 404 817 476 putant,
836 395 873 457 ab
889 396 982 475 iisque
997 395 1146 456 abstinere
1162 397 1220 456 mi-

147 483 227 543 nime
239 500 302 543 esse
317 482 444 558 difficile,
460 482 484 544 si
498 491 549 543 aut
563 482 697 543 valetudo
712 491 763 542 aut
777 481 906 542 officium
921 491 971 542 aut
986 481 1061 541 lama
1077 481 1219 558 postulet,

44 578 48 587 ·
147 567 329 646 omninoque
341 585 435 646 genus
446 569 503 629 hoc
515 568 697 648 voluptatum
710 566 837 648 optabile
849 585 924 640 esse,
932 567 956 628 si
969 586 1029 627 non
1043 564 1131 639 obsit,
1146 585 1219 646 pro-

94 663 124 714 95
146 653 230 713 desse
252 670 424 731 numquam.
457 653 624 733 Totumque
647 653 703 713 hoc
726 654 762 713 de
777 653 925 732 voluptate
941 652 983 713 sic
997 651 1045 712 ille
1061 652 1217 731 praecipit,

145 746 179 799 ut
193 737 370 817 voluptatem
387 738 479 818 ipsam
495 757 550 817 per
565 757 611 812 se,
628 738 695 817 quia
711 738 845 818 voluptas
859 738 909 808 sit,
925 755 1042 817 semper
1057 738 1218 816 optandam
1240 749 1254 798 5

145 824 399 903 expetendamque
421 831 520 903 putet,
543 824 704 902 eademque
725 823 839 883 ratione
860 822 993 882 dolorem
1009 822 1047 882 ob
1063 822 1091 882 id
1108 822 1216 902 ipsum,

146 908 213 987 quia
229 908 313 968 dolor
328 909 374 983 sit,
391 927 508 987 semper
523 928 587 970 esse
602 909 790 987 fugiendum3
809 908 907 986 itaque
924 908 978 968 hac
994 925 1117 969 usurum
1134 927 1217 969 com-

144 993 320 1073 pensatione
343 994 521 1073 sapientem,
542 1004 576 1054 ut
597 1003 626 1054 et
647 993 827 1073 voluptatem
849 993 956 1071 lugiet,
979 992 1002 1054 si
1023 1010 1055 1051 ea
1072 994 1214 1054 maiorem

144 1078 277 1140 dolorem
300 1079 440 1140 ellectum
456 1079 509 1152 sit,
534 1088 563 1140 et
577 1078 708 1139 dolorem
724 1078 864 1157 suscipiat
879 1077 1019 1138 maiorem
1036 1078 1215 1138 efficientem

144 1165 340 1243 voluptatem,
360 1164 517 1242 omniaque
533 1163 676 1238 iucunda,
693 1182 869 1242 quamquam
884 1182 972 1224 sensu
989 1163 1125 1241 corporis
1140 1163 1216 1224 iudi·
1236 1174 1261 1225 10

92 1260 122 1311 96
144 1259 265 1322 centur,
282 1249 317 1309 ad
333 1249 463 1310 animum
478 1249 582 1310 reterri
597 1258 711 1323 tamem
734 1249 872 1328 quocirca
888 1266 997 1327 corpus
1011 1249 1140 1326 gaudere
1156 1259 1213 1309 tam

143 1334 202 1406 diu,
219 1335 288 1394 dum
301 1342 486 1412 praesentem
500 1335 624 1396 sentiret
634 1334 823 1414 voluptatem,
840 1334 971 1394 animum
985 1342 1013 1394 et
1026 1342 1214 1412 praesentem
1263 1412 1266 1417 Α

142 1419 296 1499 percipere
308 1419 419 1498 pariter
429 1438 496 1480 cum
513 1438 639 1499 corpore
650 1429 680 1480 et
691 1420 862 1500 prospicere
874 1419 1042 1479 venientem
1054 1438 1112 1480 nec
1127 1438 1216 1498 prae-

141 1504 258 1564 teritam
270 1505 479 1583 praeterfluere
491 1505 605 1579 sinere;
620 1505 659 1565 ita
671 1515 830 1585 perpetuas
842 1513 870 1565 et
885 1513 1037 1565 contextas
1048 1505 1214 1583 voluptates

141 1589 171 1649 in
186 1589 318 1668 sapiente
333 1590 397 1650 lore
410 1608 535 1670 semper,
552 1608 619 1651 cum
631 1590 810 1670 exspectatio
830 1598 1012 1669 speratarum
1027 1589 1212 1669 voluptatum
1231 1599 1257 1650 lt

144 1692 211 1734 curn
228 1683 435 1755 perceptarum
451 1675 593 1737 memoria
608 1676 792 1754 iungeretur.

226 1759 322 1838 Atque
343 1761 389 1821 bis
410 1760 514 1822 similia
532 1760 568 1821 ad
582 1761 691 1821 victum
707 1761 794 1822 etiam
809 1761 1046 1834 transferuntur,
1069 1769 1212 1820 extenua-

90 1821 119 1872 97
141 1852 249 1924 turque
262 1845 480 1924 magnificentia
492 1855 521 1906 et
533 1853 669 1926 sumptus
685 1846 848 1926 epularum,
864 1845 942 1923 quod
956 1864 1046 1924 parvo
1062 1845 1144 1906 cultu
1161 1863 1214 1906 na·

140 1938 206 1990 tura
226 1938 364 1992 contenta
386 1932 432 1992 sit.
466 1931 583 1992 Etenim
601 1932 666 2010 quis
682 1932 738 1992 boc
754 1950 815 1991 non
831 1931 923 2004 videt,
946 1930 1097 1991 desideriis
1113 1931 1212 1991 omnia

70 2052 75 2063 ·
140 2015 194 2075 ista
208 2013 345 2076 condiri?
361 2017 465 2078 Darius
481 2017 511 2077 in
528 2017 597 2095 luga
613 2035 680 2077 eum
696 2034 800 2096 aquam
816 2015 963 2077 turbidam
979 2025 1008 2076 et
1023 2015 1214 2078 cadaveribus
1232 2025 1256 2076 u

140 2099 323 2178 inquinatam
336 2100 468 2174 bibisset,
485 2102 601 2180 negavit
612 2120 750 2180 umquam
763 2120 794 2162 se
807 2101 917 2162 bibisse
932 2101 1106 2174 iucundius3
1123 2119 1211 2161 num-

140 2202 228 2262 quam
244 2185 377 2246 videlicet
392 2186 495 2246 sitiens
509 2186 632 2247 biberat.
667 2187 727 2246 Nec
743 2186 877 2248 esuriens
892 2186 1078 2247 Ptolomaeus
1095 2186 1210 2261 ederat3

140 2270 188 2330 aui
201 2288 267 2330 cum
283 2270 455 2349 peragranti
466 2270 632 2351 Aegyptum
649 2271 805 2333 comitibus
821 2291 882 2332 non
901 2272 1067 2333 consecutis
1083 2271 1212 2332 cibarius

173 2456 196 2506 3.
215 2457 375 2520 omninoque
399 2459 447 2507 cet.
482 2454 555 2522 Diog.
573 2455 599 2507 L.
618 2455 650 2507 x.
700 2457 852 2521 iungendis
871 2456 955 2508 lehlen
975 2455 1041 2516 darl;
1059 2455 1112 2522 vgl.
1126 2456 1157 2508 de
1176 2471 1212 2507 or.

139 2524 200 2577 118:
220 2524 357 2575 erovata
370 2520 399 2575 di
412 2520 503 2588 ὤνησε
513 2525 565 2589 μὲν
577 2517 650 2575 ottt-
699 2523 738 2576 lll.
752 2528 793 2588 14,
806 2527 851 2577 55:
870 2527 919 2575 boa
931 2528 970 2574 ert
980 2527 1066 2588 magia
1074 2527 1213 2589 probitate

137 2608 213 2657 ποτε,
225 2587 369 2662 ἀγαπητὸν
381 2587 418 2657 de',
430 2591 455 2643 ai
467 2589 505 2659 μὴ
516 2595 561 2643 καὶ
570 2588 649 2660 iiiia·
699 2593 837 2657 iungenda
853 2609 1007 2658 summaque
1021 2593 1178 2657 prudentia.

160 2678 198 2711 εν.
735 2664 775 2712 l'l.
788 2661 902 2712 similia:
915 2661 1032 2712 thulicbe
1045 2659 1212 2713 Gruudsitze.

171 2731 195 2779 4.
217 2726 370 2792 Totumque,
389 2728 439 2779 wie
456 2727 474 2780 l.
493 2730 534 2793 34,
554 2729 594 2781 82.
734 2730 894 2791 littorius,
905 2729 1118 2780 wabrsaheinlicb
1130 2728 1212 2780 Coda-

173 2793 426 2855 ll.reserritamen.
448 2796 648 2848 Ebensotamen
698 2812 801 2848 manue.

135 2877 177 2914 am
195 2862 265 2913 Ende
283 2863 328 2915 des
346 2862 447 2915 Satzes:
465 2863 482 2916 1.
503 2867 542 2928 12,
561 2866 602 2917 27.
731 2867 772 2918 22.
794 2865 962 2916 Ptolomaeus
986 2865 1047 2928 (wie
1072 2864 1136 2916 nach
1160 2865 1209 2916 den

172 2933 226 2980 tam
239 2931 294 2994 diu,
308 2931 370 2981 dum
383 2932 433 2983 wie
451 2931 476 2982 in
493 2932 547 2983 Get.
564 2931 602 2984 lll.
622 2936 646 2996 7,
697 2933 786 2985 besten
805 2932 910 2984 lldscbr.
930 2932 1030 2984 Ciceros
1054 2932 1152 2984 uberali
1176 2948 1208 2984 zu

138 2999 183 3052 16:
203 3002 257 3047 tom
270 2998 324 3061 diu,
343 2999 405 3048 dum
418 3001 494 3049 urbis
510 3003 646 3051 mamitus
697 3001 768 3053 lesen
780 3001 832 3065 ist),
846 3001 969 3052 wabrscb.
982 2999 1022 3052 Pt.
1031 3000 1049 3052 l.
1059 3001 1120 3067 Legi
1131 3000 1208 3052 filius.

136 3068 331 3130 continebatur,
350 3067 401 3117 and
420 3067 492 3118 ister.
733 3071 1140 3121 23.camitiburnoneonreeutia.
1158 3067 1208 3121 llas

171 3137 210 3187 12.
227 3137 340 3185 sentiret
349 3136 414 3185 nach
426 3137 572 3201 praecipit:
591 3135 646 3188 der·
697 3135 765 3188 Part.
775 3135 841 3189 Peri.
855 3137 925 3188 eines
934 3136 996 3203 Dep.
1007 3138 1053 3188 mit
1063 3137 1209 3189 transitiver

135 3203 206 3254 selbe
225 3202 344 3254 Wecbsel
369 3202 413 3254 der
430 3202 556 3270 Tempore
581 3205 645 3256 nach
697 3204 849 3270 Bedeutung
870 3205 905 3256 ist
926 3206 952 3255 in
975 3205 1020 3257 der
1037 3204 1139 3259 Konstr.
1165 3206 1210 3257 der

134 3270 192 3322 dem
200 3269 280 3335 Pras„
298 3271 410 3323 welches
422 3272 460 3323 als
472 3271 645 3324 historisches.
697 3273 755 3325 Abl.
774 3274 828 3324 abs.
853 3274 962 3324 iuiserst
982 3273 1076 3335 selten;
1100 3273 1153 3340 vgl.
1168 3275 1209 3338 Je-

134 3339 277 3391 anansehen
285 3341 332 3390 ist:
343 3339 465 3405 diluat
475 3341 539 3392 nach
551 3344 644 3392 censet.
696 3341 762 3392 doch
780 3343 865 3393 ausser
880 3341 963 3392 dieser
975 3341 1055 3393 Stelle
1074 3341 1141 3393 noch
1153 3341 1207 3393 Liv.

169 3411 208 3461 tl.
225 3410 429 3474 praeterfluere:
449 3409 506 3461 dem
518 3408 642 3460 Gentem·
694 3408 772 3465 XXX.
785 3412 826 3472 25,
837 3414 863 3463 5:
884 3410 1049 3461 Hasdrubale
1060 3427 1126 3461 auso
1138 3408 1209 3472 faoi-

133 3473 172 3526 nis
182 3475 388 3537 entschwiuden;
394 3481 573 3544 perpetuaret
582 3494 642 3529 oon·
694 3493 755 3537 num
775 3477 835 3529 Sall.
848 3478 902 3544 lug.
916 3481 972 3543 103,
986 3482 1013 3530 7:
1027 3478 1103 3530 Sulla
1116 3484 1207 3530 omnia

133 3547 233 3594 textas:
247 3543 304 3595 eine
316 3545 641 3598 ununterbrocbeueReihe
690 3546 826 3610 pollicito;
845 3546 912 3599 Cart.
933 3546 961 3597 V.
978 3550 1002 3611 4,
1020 3549 1064 3598 34:
1083 3563 1208 3599 conrecu-

132 3626 184 3662 uon
202 3612 358 3677 volrtptutes.
693 3617 727 3665 tis
744 3619 852 3664 strenue
869 3617 994 3665 ltoetibur.

168 3681 207 3734 16.
221 3695 322 3730 eum-
331 3684 459 3732 memoria
474 3684 641 3749 iungeretur,
728 3685 846 3733 cibarius
855 3686 943 3748 panis.
958 3683 1016 3736 lsid.
1030 3682 1097 3749 Orig.
1107 3683 1162 3738 xx,
1176 3687 1206 3736 2:

131 3746 203 3798 nicbt
221 3749 287 3800 ohne
310 3748 351 3800 die
370 3748 456 3816 Prap„
480 3751 577 3802 welche
596 3767 642 3803 nur
692 3752 773 3802 Panis
790 3753 907 3802 cibarius
924 3756 975 3816 est,
999 3753 1047 3817 qui
1064 3753 1101 3802 ad
1117 3755 1204 3803 cibum

131 3813 173 3866 bei
185 3813 235 3866 den
253 3815 292 3867 Pa
300 3817 344 3867 rti
354 3833 376 3869 c.
394 3822 502 3868 iunctus
513 3818 564 3871 und
582 3835 643 3871 eon·
692 3822 777 3869 cerain
789 3820 880 3884 datur,
891 3836 939 3871 naa
954 3821 1091 3871 delicatus.
1101 3820 1167 3874 Cels.
1176 3820 1203 3873 ll.

129 3885 250 3947 iunctus,
274 3883 324 3936 wie
341 3885 378 3937 lll.
403 3889 431 3950 5,
457 3890 502 3952 11,
524 3886 576 3939 und
600 3887 642 3938 bei
694 3889 847 3954 29:(panie)
858 3890 976 3940 cibarius
984 3889 1026 3940 vet
1033 3889 1204 3940 hordeaceus.
