<?xml version="1.0" encoding="UTF-8"?>
<!DOCTYPE html PUBLIC "-//W3C//DTD XHTML 1.0 Transitional//EN"
    "http://www.w3.org/TR/xhtml1/DTD/xhtml1-transitional.dtd">
<html xmlns="http://www.w3.org/1999/xhtml" xml:lang="en" lang="en">
 <head>
  <title>
</title>
<meta http-equiv="Content-Type" content="text/html;charset=utf-8" />
  <meta name='ocr-system' content='tesseract 3.04.00' />
  <meta name='ocr-capabilities' content='ocr_page ocr_carea ocr_par ocr_line ocrx_word'/>
</head>
<body>
  <div class='ocr_page' id='page_1' title='image "./tusculanarumdis00cicegoog_0255.png"; bbox 0 0 2550 4410; ppageno 0'>
   <div class='ocr_carea' id='block_1_1' title="bbox 107 742 145 799">
    <p class='ocr_par' dir='ltr' id='par_1_1' title="bbox 107 742 145 799">
     <span class='ocr_line' id='line_1_1' title="bbox 107 742 145 799; baseline 0 0"><span class='ocrx_word' id='word_1_1' title='bbox 107 742 145 799; x_wconf 77' lang='lat'>88</span> 
     </span>
    </p>
   </div>
   <div class='ocr_carea' id='block_1_2' title="bbox 109 1513 1263 1595">
    <p class='ocr_par' dir='ltr' id='par_1_2' title="bbox 109 1513 1263 1595">
     <span class='ocr_line' id='line_1_2' title="bbox 109 1513 1263 1595; baseline 0.002 -24"><span class='ocrx_word' id='word_1_2' title='bbox 109 1521 136 1571; x_wconf 84' lang='lat' dir='ltr'>n</span> <span class='ocrx_word' id='word_1_3' title='bbox 161 1513 218 1585; x_wconf 85' lang='lat' dir='ltr'>Qui</span> <span class='ocrx_word' id='word_1_4' title='bbox 241 1523 274 1574; x_wconf 93' lang='lat' dir='ltr'>ut</span> <span class='ocrx_word' id='word_1_5' title='bbox 296 1515 370 1587; x_wconf 88' lang='lat' dir='ltr'>sint,</span> <span class='ocrx_word' id='word_1_6' title='bbox 400 1517 478 1594; x_wconf 90' lang='lat' dir='ltr'>quod</span> <span class='ocrx_word' id='word_1_7' title='bbox 501 1516 565 1576; x_wconf 88' lang='lat' dir='ltr'>fieri</span> <span class='ocrx_word' id='word_1_8' title='bbox 586 1534 673 1594; x_wconf 88' lang='lat' dir='ltr'>posse</span> <span class='ocrx_word' id='word_1_9' title='bbox 693 1514 793 1589; x_wconf 88' lang='lat' dir='ltr'>video,</span> <span class='ocrx_word' id='word_1_10' title='bbox 813 1514 923 1595; x_wconf 91' lang='lat' dir='ltr'>pudici,</span> <span class='ocrx_word' id='word_1_11' title='bbox 944 1514 1066 1576; x_wconf 79' lang='lat' dir='ltr'><strong>solliciti</strong></span> <span class='ocrx_word' id='word_1_12' title='bbox 1090 1524 1190 1578; x_wconf 76' lang='lat' dir='ltr'>mmen</span> <span class='ocrx_word' id='word_1_13' title='bbox 1206 1522 1263 1577; x_wconf 82' lang='lat' dir='ltr'>ettt</span> 
     </span>
    </p>
   </div>
   <div class='ocr_carea' id='block_1_3' title="bbox 157 146 197 207">
    <p class='ocr_par' dir='ltr' id='par_1_3' title="bbox 157 146 197 207">
     <span class='ocr_line' id='line_1_3' title="bbox 157 146 197 207; baseline -0.05 0"><span class='ocrx_word' id='word_1_14' title='bbox 157 146 197 207; x_wconf 85' lang='grc'>96</span> 
     </span>
    </p>
   </div>
   <div class='ocr_carea' id='block_1_4' title="bbox 535 145 849 215">
    <p class='ocr_par' dir='ltr' id='par_1_4' title="bbox 535 145 849 215">
     <span class='ocr_line' id='line_1_4' title="bbox 535 145 849 215; baseline 0.003 -14"><span class='ocrx_word' id='word_1_15' title='bbox 535 146 628 201; x_wconf 84' lang='lat' dir='ltr'>neca</span> <span class='ocrx_word' id='word_1_16' title='bbox 644 145 686 202; x_wconf 86' lang='lat' dir='ltr'>rr.</span> <span class='ocrx_word' id='word_1_17' title='bbox 704 150 746 215; x_wconf 84' lang='lat' dir='ltr'>aa,</span> <span class='ocrx_word' id='word_1_18' title='bbox 756 150 849 203; x_wconf 69' lang='lat' dir='ltr'>rom.</span> 
     </span>
    </p>
   </div>
   <div class='ocr_carea' id='block_1_5' title="bbox 158 318 1226 572">
    <p class='ocr_par' dir='ltr' id='par_1_5' title="bbox 158 318 1226 572">
     <span class='ocr_line' id='line_1_5' title="bbox 204 318 1057 402; baseline 0.005 -22"><span class='ocrx_word' id='word_1_19' title='bbox 204 318 227 379; x_wconf 85' lang='grc' dir='ltr'><em>Τ</em></span> <span class='ocrx_word' id='word_1_20' title='bbox 225 320 245 381; x_wconf 82' lang='lat' dir='ltr'>a&#39;t</span> <span class='ocrx_word' id='word_1_21' title='bbox 261 338 305 381; x_wconf 82' lang='lat' dir='ltr'>me</span> <span class='ocrx_word' id='word_1_22' title='bbox 320 324 429 382; x_wconf 65' lang='lat' dir='ltr'>amoro</span> <span class='ocrx_word' id='word_1_23' title='bbox 444 323 537 400; x_wconf 70' lang='lat' dir='ltr'>mauis</span> <span class='ocrx_word' id='word_1_24' title='bbox 552 340 638 402; x_wconf 82' lang='lat' dir='ltr'>quam</span> <span class='ocrx_word' id='word_1_25' title='bbox 652 320 769 384; x_wconf 78' lang='lat' dir='ltr'>donorio</span> <span class='ocrx_word' id='word_1_26' title='bbox 779 321 932 383; x_wconf 70' lang='lat' dir='ltr'>servavisti</span> <span class='ocrx_word' id='word_1_27' title='bbox 943 322 1057 400; x_wconf 69' lang='lat' dir='ltr'>qratia.</span> 
     </span>
     <span class='ocr_line' id='line_1_6' title="bbox 158 403 1224 484; baseline 0.004 -20"><span class='ocrx_word' id='word_1_28' title='bbox 158 403 234 474; x_wconf 84' lang='lat' dir='ltr'>Quid</span> <span class='ocrx_word' id='word_1_29' title='bbox 259 404 354 484; x_wconf 77' lang='lat' dir='ltr'>ergo?</span> <span class='ocrx_word' id='word_1_30' title='bbox 376 406 424 466; x_wconf 94' lang='lat' dir='ltr'><strong>hic</strong></span> <span class='ocrx_word' id='word_1_31' title='bbox 446 424 530 466; x_wconf 92' lang='lat' dir='ltr'>amor</span> <span class='ocrx_word' id='word_1_32' title='bbox 550 405 670 468; x_wconf 80' lang='lat' dir='ltr'>Medeae</span> <span class='ocrx_word' id='word_1_33' title='bbox 692 415 800 484; x_wconf 91' lang='lat' dir='ltr'>quanta</span> <span class='ocrx_word' id='word_1_34' title='bbox 825 405 1011 467; x_wconf 88' lang='lat' dir='ltr'>miseriarum</span> <span class='ocrx_word' id='word_1_35' title='bbox 1036 405 1173 467; x_wconf 79' lang='lat' dir='ltr'>excitarit</span> <span class='ocrx_word' id='word_1_36' title='bbox 1186 407 1224 468; x_wconf 91' lang='lat' dir='ltr'>in-</span> 
     </span>
     <span class='ocr_line' id='line_1_7' title="bbox 158 489 1226 572; baseline 0.004 -22"><span class='ocrx_word' id='word_1_37' title='bbox 158 489 275 551; x_wconf 86' lang='lat' dir='ltr'>cendial</span> <span class='ocrx_word' id='word_1_38' title='bbox 298 492 396 571; x_wconf 81' lang='lat' dir='ltr'>Atque</span> <span class='ocrx_word' id='word_1_39' title='bbox 417 510 451 552; x_wconf 92' lang='lat' dir='ltr'>ea</span> <span class='ocrx_word' id='word_1_40' title='bbox 472 500 570 552; x_wconf 91' lang='lat' dir='ltr'>tamen</span> <span class='ocrx_word' id='word_1_41' title='bbox 595 492 673 572; x_wconf 86' lang='lat' dir='ltr'>apud</span> <span class='ocrx_word' id='word_1_42' title='bbox 694 491 782 553; x_wconf 89' lang='lat' dir='ltr'>alium</span> <span class='ocrx_word' id='word_1_43' title='bbox 803 499 920 571; x_wconf 86' lang='lat' dir='ltr'>poetam</span> <span class='ocrx_word' id='word_1_44' title='bbox 935 492 1018 572; x_wconf 88' lang='lat' dir='ltr'>patri</span> <span class='ocrx_word' id='word_1_45' title='bbox 1034 491 1139 553; x_wconf 85' lang='lat' dir='ltr'>dicere</span> <span class='ocrx_word' id='word_1_46' title='bbox 1152 492 1226 554; x_wconf 90' lang='lat' dir='ltr'>audet</span> 
     </span>
    </p>
   </div>
   <div class='ocr_carea' id='block_1_6' title="bbox 160 577 505 655">
    <p class='ocr_par' dir='ltr' id='par_1_6' title="bbox 160 577 505 655">
     <span class='ocr_line' id='line_1_8' title="bbox 160 577 505 655; baseline 0 -18"><span class='ocrx_word' id='word_1_47' title='bbox 160 595 191 637; x_wconf 91' lang='lat' dir='ltr'>se</span> <span class='ocrx_word' id='word_1_48' title='bbox 206 579 353 655; x_wconf 70' lang='lat' dir='ltr'>cordacem</span> <span class='ocrx_word' id='word_1_49' title='bbox 368 577 505 639; x_wconf 90' lang='lat' dir='ltr'>habuisse</span> 
     </span>
    </p>
   </div>
   <div class='ocr_carea' id='block_1_7' title="bbox 203 656 1251 743">
    <p class='ocr_par' dir='ltr' id='par_1_7' title="bbox 203 656 1251 743">
     <span class='ocr_line' id='line_1_9' title="bbox 203 656 1251 743; baseline -0.001 -21"><span class='ocrx_word' id='word_1_50' title='bbox 203 656 306 732; x_wconf 64' lang='lat' dir='ltr'>&#39;illatae</span> <span class='ocrx_word' id='word_1_51' title='bbox 321 662 409 724; x_wconf 81' lang='lat' dir='ltr'>Amor</span> <span class='ocrx_word' id='word_1_52' title='bbox 423 680 504 743; x_wconf 77' lang='lat' dir='ltr'>qaam</span> <span class='ocrx_word' id='word_1_53' title='bbox 521 661 643 732; x_wconf 73' lang='lat' dir='ltr'>deamat,</span> <span class='ocrx_word' id='word_1_54' title='bbox 660 664 711 742; x_wconf 71' lang='lat' dir='ltr'>aaa·</span> <span class='ocrx_word' id='word_1_55' title='bbox 719 661 788 742; x_wconf 79' lang='lat' dir='ltr'>plats</span> <span class='ocrx_word' id='word_1_56' title='bbox 798 661 887 743; x_wconf 77' lang='lat' dir='ltr'>pollet</span> <span class='ocrx_word' id='word_1_57' title='bbox 900 664 1055 743; x_wconf 69' lang='lat' dir='ltr'>potiorque</span> <span class='ocrx_word' id='word_1_58' title='bbox 1070 663 1114 726; x_wconf 81' lang='lat' dir='ltr'>e&#39;st</span> <span class='ocrx_word' id='word_1_59' title='bbox 1123 672 1212 743; x_wconf 77' lang='lat' dir='ltr'>patrc</span> <span class='ocrx_word' id='word_1_60' title='bbox 1241 670 1251 721; x_wconf 87' lang='lat' dir='ltr'>t</span> 
     </span>
    </p>
   </div>
   <div class='ocr_carea' id='block_1_8' title="bbox 107 746 1230 1083">
    <p class='ocr_par' dir='ltr' id='par_1_8' title="bbox 107 746 1230 1083">
     <span class='ocr_line' id='line_1_10' title="bbox 243 746 1229 827; baseline 0.002 -20"><span class='ocrx_word' id='word_1_61' title='bbox 243 746 301 808; x_wconf 88' lang='lat' dir='ltr'>Sed</span> <span class='ocrx_word' id='word_1_62' title='bbox 323 756 425 826; x_wconf 81' lang='lat' dir='ltr'>poetas</span> <span class='ocrx_word' id='word_1_63' title='bbox 449 747 552 807; x_wconf 91' lang='lat' dir='ltr'>ludere</span> <span class='ocrx_word' id='word_1_64' title='bbox 567 747 714 821; x_wconf 91' lang='lat' dir='ltr'>sinamus,</span> <span class='ocrx_word' id='word_1_65' title='bbox 737 765 863 825; x_wconf 87' lang='lat' dir='ltr'>quorum</span> <span class='ocrx_word' id='word_1_66' title='bbox 879 746 987 808; x_wconf 82' lang='lat' dir='ltr'>sabulis</span> <span class='ocrx_word' id='word_1_67' title='bbox 1002 748 1037 808; x_wconf 91' lang='lat' dir='ltr'>in</span> <span class='ocrx_word' id='word_1_68' title='bbox 1054 748 1115 809; x_wconf 94' lang='lat' dir='ltr'>hoc</span> <span class='ocrx_word' id='word_1_69' title='bbox 1130 748 1229 827; x_wconf 78' lang='lat' dir='ltr'>flagitio</span> 
     </span>
     <span class='ocr_line' id='line_1_11' title="bbox 107 825 1230 914; baseline 0.004 -22"><span class='ocrx_word' id='word_1_70' title='bbox 107 825 136 876; x_wconf 70' lang='lat'>7⁰</span> <span class='ocrx_word' id='word_1_71' title='bbox 159 833 266 894; x_wconf 86' lang='lat' dir='ltr'>versari</span> <span class='ocrx_word' id='word_1_72' title='bbox 287 833 385 912; x_wconf 86' lang='lat' dir='ltr'>ipsum</span> <span class='ocrx_word' id='word_1_73' title='bbox 406 831 537 894; x_wconf 88' lang='lat' dir='ltr'>videmus</span> <span class='ocrx_word' id='word_1_74' title='bbox 558 832 666 893; x_wconf 90' lang='lat' dir='ltr'>lovem.</span> <span class='ocrx_word' id='word_1_75' title='bbox 710 833 755 893; x_wconf 80' lang='lat' dir='ltr'>Ad</span> <span class='ocrx_word' id='word_1_76' title='bbox 776 832 931 911; x_wconf 80' lang='lat' dir='ltr'>magistros</span> <span class='ocrx_word' id='word_1_77' title='bbox 956 832 1080 895; x_wconf 85' lang='lat' dir='ltr'>virtutis</span> <span class='ocrx_word' id='word_1_78' title='bbox 1107 833 1230 914; x_wconf 89' lang='lat' dir='ltr'>philoso-</span> 
     </span>
     <span class='ocr_line' id='line_1_12' title="bbox 159 917 1230 999; baseline 0.002 -20"><span class='ocrx_word' id='word_1_79' title='bbox 159 920 234 998; x_wconf 88' lang='lat' dir='ltr'>phos</span> <span class='ocrx_word' id='word_1_80' title='bbox 256 917 421 991; x_wconf 86' lang='lat' dir='ltr'>veniamus,</span> <span class='ocrx_word' id='word_1_81' title='bbox 445 918 495 996; x_wconf 91' lang='lat' dir='ltr'>qui</span> <span class='ocrx_word' id='word_1_82' title='bbox 511 936 641 978; x_wconf 91' lang='lat' dir='ltr'>amorem</span> <span class='ocrx_word' id='word_1_83' title='bbox 657 927 769 997; x_wconf 77' lang='lat' dir='ltr'>negant</span> <span class='ocrx_word' id='word_1_84' title='bbox 781 917 876 997; x_wconf 82' lang='lat' dir='ltr'><strong>stupri</strong></span> <span class='ocrx_word' id='word_1_85' title='bbox 892 935 957 979; x_wconf 88' lang='lat' dir='ltr'>esse</span> <span class='ocrx_word' id='word_1_86' title='bbox 974 927 1003 979; x_wconf 94' lang='lat' dir='ltr'>et</span> <span class='ocrx_word' id='word_1_87' title='bbox 1019 918 1053 979; x_wconf 92' lang='lat' dir='ltr'>in</span> <span class='ocrx_word' id='word_1_88' title='bbox 1071 938 1109 981; x_wconf 92' lang='lat' dir='ltr'>eo</span> <span class='ocrx_word' id='word_1_89' title='bbox 1125 920 1230 999; x_wconf 79' lang='lat' dir='ltr'>litigant</span> 
     </span>
     <span class='ocr_line' id='line_1_13' title="bbox 159 1002 1230 1083; baseline 0.003 -19"><span class='ocrx_word' id='word_1_90' title='bbox 159 1022 227 1064; x_wconf 91' lang='lat' dir='ltr'>cum</span> <span class='ocrx_word' id='word_1_91' title='bbox 242 1002 372 1083; x_wconf 85' lang='lat' dir='ltr'>Epicuro</span> <span class='ocrx_word' id='word_1_92' title='bbox 388 1022 450 1063; x_wconf 94' lang='lat' dir='ltr'>non</span> <span class='ocrx_word' id='word_1_93' title='bbox 467 1003 606 1076; x_wconf 91' lang='lat' dir='ltr'>multum,</span> <span class='ocrx_word' id='word_1_94' title='bbox 624 1012 657 1063; x_wconf 92' lang='lat' dir='ltr'>ut</span> <span class='ocrx_word' id='word_1_95' title='bbox 671 1002 772 1082; x_wconf 91' lang='lat' dir='ltr'>opinio</span> <span class='ocrx_word' id='word_1_96' title='bbox 786 1021 853 1063; x_wconf 88' lang='lat' dir='ltr'>mea</span> <span class='ocrx_word' id='word_1_97' title='bbox 868 1004 939 1076; x_wconf 84' lang='lat' dir='ltr'>lert,</span> <span class='ocrx_word' id='word_1_98' title='bbox 951 1004 1136 1067; x_wconf 80' lang='lat' dir='ltr'>mentiente.</span> <span class='ocrx_word' id='word_1_99' title='bbox 1169 1004 1230 1077; x_wconf 83' lang='lat' dir='ltr'><strong>Quis</strong></span> 
     </span>
    </p>
   </div>
   <div class='ocr_carea' id='block_1_9' title="bbox 160 1086 1260 1167">
    <p class='ocr_par' dir='ltr' id='par_1_9' title="bbox 160 1086 1260 1167">
     <span class='ocr_line' id='line_1_14' title="bbox 160 1086 1260 1167; baseline 0.003 -18"><span class='ocrx_word' id='word_1_100' title='bbox 160 1099 204 1149; x_wconf 91' lang='lat' dir='ltr'>est</span> <span class='ocrx_word' id='word_1_101' title='bbox 215 1089 292 1149; x_wconf 92' lang='lat' dir='ltr'>enim</span> <span class='ocrx_word' id='word_1_102' title='bbox 306 1088 360 1148; x_wconf 91' lang='lat' dir='ltr'>iste</span> <span class='ocrx_word' id='word_1_103' title='bbox 375 1106 459 1150; x_wconf 90' lang='lat' dir='ltr'>amor</span> <span class='ocrx_word' id='word_1_104' title='bbox 473 1086 639 1150; x_wconf 78' lang='lat' dir='ltr'><strong>amicitiae?</strong></span> <span class='ocrx_word' id='word_1_105' title='bbox 653 1105 708 1150; x_wconf 93' lang='lat' dir='ltr'>cur</span> <span class='ocrx_word' id='word_1_106' title='bbox 723 1107 820 1167; x_wconf 88' lang='lat' dir='ltr'>neque</span> <span class='ocrx_word' id='word_1_107' title='bbox 836 1088 1000 1149; x_wconf 78' lang='lat' dir='ltr'>deformem</span> <span class='ocrx_word' id='word_1_108' title='bbox 1016 1088 1260 1152; x_wconf 68' lang='lat' dir='ltr'>adulescentem</span> 
     </span>
    </p>
   </div>
   <div class='ocr_carea' id='block_1_10' title="bbox 159 1171 1229 1511">
    <p class='ocr_par' dir='ltr' id='par_1_10' title="bbox 159 1171 1229 1423">
     <span class='ocr_line' id='line_1_15' title="bbox 159 1171 1228 1253; baseline 0.002 -19"><span class='ocrx_word' id='word_1_109' title='bbox 159 1174 314 1251; x_wconf 85' lang='lat' dir='ltr'>quisquam</span> <span class='ocrx_word' id='word_1_110' title='bbox 339 1183 416 1234; x_wconf 92' lang='lat' dir='ltr'>amat</span> <span class='ocrx_word' id='word_1_111' title='bbox 438 1192 536 1253; x_wconf 91' lang='lat' dir='ltr'>neque</span> <span class='ocrx_word' id='word_1_112' title='bbox 557 1174 719 1235; x_wconf 85' lang='lat' dir='ltr'>formosum</span> <span class='ocrx_word' id='word_1_113' title='bbox 735 1171 859 1235; x_wconf 87' lang='lat' dir='ltr'>senem‘l</span> <span class='ocrx_word' id='word_1_114' title='bbox 885 1173 955 1234; x_wconf 83' lang='lat' dir='ltr'><strong>Mihi</strong></span> <span class='ocrx_word' id='word_1_115' title='bbox 975 1174 1106 1252; x_wconf 76' lang='lat' dir='ltr'>quaidem</span> <span class='ocrx_word' id='word_1_116' title='bbox 1122 1176 1193 1238; x_wconf 92' lang='lat' dir='ltr'>haec</span> <span class='ocrx_word' id='word_1_117' title='bbox 1205 1176 1228 1236; x_wconf 88' lang='lat' dir='ltr'><strong>ic</strong></span> 
     </span>
     <span class='ocr_line' id='line_1_16' title="bbox 160 1257 1229 1340; baseline 0.005 -22"><span class='ocrx_word' id='word_1_118' title='bbox 160 1259 340 1319; x_wconf 85' lang='lat' dir='ltr'>Graecorum</span> <span class='ocrx_word' id='word_1_119' title='bbox 361 1259 520 1339; x_wconf 78' lang='lat' dir='ltr'><strong>gymnasiis</strong></span> <span class='ocrx_word' id='word_1_120' title='bbox 548 1267 614 1320; x_wconf 91' lang='lat' dir='ltr'>nata</span> <span class='ocrx_word' id='word_1_121' title='bbox 641 1259 824 1321; x_wconf 90' lang='lat' dir='ltr'>consuetudo</span> <span class='ocrx_word' id='word_1_122' title='bbox 845 1257 974 1334; x_wconf 86' lang='lat' dir='ltr'>videtur,</span> <span class='ocrx_word' id='word_1_123' title='bbox 1001 1259 1036 1323; x_wconf 91' lang='lat' dir='ltr'>in</span> <span class='ocrx_word' id='word_1_124' title='bbox 1060 1262 1176 1340; x_wconf 87' lang='lat' dir='ltr'>quibus</span> <span class='ocrx_word' id='word_1_125' title='bbox 1192 1261 1229 1323; x_wconf 86' lang='lat' dir='ltr'><strong>isti</strong></span> 
     </span>
     <span class='ocr_line' id='line_1_17' title="bbox 159 1343 1014 1423; baseline 0.001 -20"><span class='ocrx_word' id='word_1_126' title='bbox 159 1343 244 1404; x_wconf 94' lang='lat' dir='ltr'>liberi</span> <span class='ocrx_word' id='word_1_127' title='bbox 260 1354 289 1404; x_wconf 90' lang='lat' dir='ltr'>et</span> <span class='ocrx_word' id='word_1_128' title='bbox 304 1345 439 1406; x_wconf 82' lang='lat' dir='ltr'><strong>concessi</strong></span> <span class='ocrx_word' id='word_1_129' title='bbox 453 1354 523 1407; x_wconf 88' lang='lat' dir='ltr'>sunt</span> <span class='ocrx_word' id='word_1_130' title='bbox 537 1362 663 1407; x_wconf 89' lang='lat' dir='ltr'>amores.</span> <span class='ocrx_word' id='word_1_131' title='bbox 696 1343 777 1405; x_wconf 89' lang='lat' dir='ltr'>Bene</span> <span class='ocrx_word' id='word_1_132' title='bbox 793 1362 864 1423; x_wconf 85' lang='lat' dir='ltr'>crgo</span> <span class='ocrx_word' id='word_1_133' title='bbox 879 1343 1014 1405; x_wconf 88' lang='lat' dir='ltr'>Ennius:</span> 
     </span>
    </p>

    <p class='ocr_par' dir='ltr' id='par_1_11' title="bbox 294 1428 1103 1511">
     <span class='ocr_line' id='line_1_18' title="bbox 294 1428 1103 1511; baseline 0.004 -22"><span class='ocrx_word' id='word_1_134' title='bbox 294 1428 404 1509; x_wconf 70' lang='lat' dir='ltr'>Flduita&#39;</span> <span class='ocrx_word' id='word_1_135' title='bbox 413 1434 592 1511; x_wconf 79' lang='lat' dir='ltr'>pra’actpa&#39;om</span> <span class='ocrx_word' id='word_1_136' title='bbox 607 1443 647 1493; x_wconf 87' lang='lat' dir='ltr'>ast</span> <span class='ocrx_word' id='word_1_137' title='bbox 661 1429 773 1491; x_wconf 81' lang='lat' dir='ltr'>cadara</span> <span class='ocrx_word' id='word_1_138' title='bbox 788 1434 865 1491; x_wconf 73' lang='lat' dir='ltr'>later</span> <span class='ocrx_word' id='word_1_139' title='bbox 878 1433 948 1491; x_wconf 81' lang='lat' dir='ltr'>cioa’s</span> <span class='ocrx_word' id='word_1_140' title='bbox 962 1433 1103 1510; x_wconf 75' lang='lat' dir='ltr'>corpora.</span> 
     </span>
    </p>
   </div>
   <div class='ocr_carea' id='block_1_11' title="bbox 160 1599 1230 1764">
    <p class='ocr_par' dir='ltr' id='par_1_12' title="bbox 160 1599 1230 1764">
     <span class='ocr_line' id='line_1_19' title="bbox 160 1599 1230 1681; baseline 0.002 -22"><span class='ocrx_word' id='word_1_141' title='bbox 160 1599 238 1660; x_wconf 86' lang='lat' dir='ltr'>anxii</span> <span class='ocrx_word' id='word_1_142' title='bbox 252 1609 323 1661; x_wconf 90' lang='lat' dir='ltr'>sunt</span> <span class='ocrx_word' id='word_1_143' title='bbox 337 1619 432 1679; x_wconf 90' lang='lat' dir='ltr'>eoque</span> <span class='ocrx_word' id='word_1_144' title='bbox 447 1602 550 1681; x_wconf 83' lang='lat' dir='ltr'>magis,</span> <span class='ocrx_word' id='word_1_145' title='bbox 570 1599 648 1680; x_wconf 91' lang='lat' dir='ltr'>quod</span> <span class='ocrx_word' id='word_1_146' title='bbox 664 1599 766 1679; x_wconf 90' lang='lat' dir='ltr'><strong>seipsi</strong></span> <span class='ocrx_word' id='word_1_147' title='bbox 782 1600 939 1661; x_wconf 85' lang='lat' dir='ltr'>continent</span> <span class='ocrx_word' id='word_1_148' title='bbox 953 1609 982 1660; x_wconf 89' lang='lat' dir='ltr'>et</span> <span class='ocrx_word' id='word_1_149' title='bbox 998 1610 1157 1663; x_wconf 80' lang='lat' dir='ltr'>coercent</span> <span class='ocrx_word' id='word_1_150' title='bbox 1185 1602 1230 1661; x_wconf 79' lang='lat' dir='ltr'>At-</span> 
     </span>
     <span class='ocr_line' id='line_1_20' title="bbox 160 1684 1229 1764; baseline 0.003 -19"><span class='ocrx_word' id='word_1_151' title='bbox 160 1703 233 1763; x_wconf 87' lang='lat' dir='ltr'>que,</span> <span class='ocrx_word' id='word_1_152' title='bbox 254 1694 289 1746; x_wconf 92' lang='lat' dir='ltr'>ut</span> <span class='ocrx_word' id='word_1_153' title='bbox 310 1686 462 1748; x_wconf 92' lang='lat' dir='ltr'>muliebris</span> <span class='ocrx_word' id='word_1_154' title='bbox 483 1704 598 1748; x_wconf 92' lang='lat' dir='ltr'>amores</span> <span class='ocrx_word' id='word_1_155' title='bbox 619 1685 768 1759; x_wconf 90' lang='lat' dir='ltr'>omittam,</span> <span class='ocrx_word' id='word_1_156' title='bbox 792 1685 900 1764; x_wconf 90' lang='lat' dir='ltr'>quibus</span> <span class='ocrx_word' id='word_1_157' title='bbox 920 1684 1067 1747; x_wconf 91' lang='lat' dir='ltr'>maiorem</span> <span class='ocrx_word' id='word_1_158' title='bbox 1089 1687 1229 1749; x_wconf 89' lang='lat' dir='ltr'>licentiam</span> 
     </span>
    </p>
   </div>
   <div class='ocr_carea' id='block_1_12' title="bbox 160 1852 674 3692">
    <p class='ocr_par' dir='ltr' id='par_1_13' title="bbox 161 1852 668 1986">
     <span class='ocr_line' id='line_1_21' title="bbox 161 1852 668 1907; baseline 0.002 -3"><span class='ocrx_word' id='word_1_159' title='bbox 161 1852 316 1906; x_wconf 83' lang='lat' dir='ltr'>schMeislich</span> <span class='ocrx_word' id='word_1_160' title='bbox 335 1852 519 1906; x_wconf 83' lang='lat' dir='ltr'>Liebeshaindel</span> <span class='ocrx_word' id='word_1_161' title='bbox 544 1870 600 1907; x_wconf 85' lang='lat' dir='ltr'>zum</span> <span class='ocrx_word' id='word_1_162' title='bbox 620 1853 668 1905; x_wconf 88' lang='lat' dir='ltr'>Ge·</span> 
     </span>
     <span class='ocr_line' id='line_1_22' title="bbox 161 1921 415 1986; baseline 0.004 -13"><span class='ocrx_word' id='word_1_163' title='bbox 161 1921 301 1986; x_wconf 84' lang='lat' dir='ltr'>genstande</span> <span class='ocrx_word' id='word_1_164' title='bbox 318 1921 415 1974; x_wconf 87' lang='lat' dir='ltr'>hatten.</span> 
     </span>
    </p>

    <p class='ocr_par' dir='ltr' id='par_1_14' title="bbox 160 1988 669 2123">
     <span class='ocr_line' id='line_1_23' title="bbox 191 1988 669 2056; baseline 0.004 -17"><span class='ocrx_word' id='word_1_165' title='bbox 191 1988 669 2056; x_wconf 79' lang='lat' dir='ltr'>extragoedia,sc.petitam,dentsch:</span> 
     </span>
     <span class='ocr_line' id='line_1_24' title="bbox 160 2056 409 2123; baseline 0.008 -16"><span class='ocrx_word' id='word_1_166' title='bbox 160 2056 192 2108; x_wconf 91' lang='lat' dir='ltr'>in</span> <span class='ocrx_word' id='word_1_167' title='bbox 212 2057 256 2107; x_wconf 88' lang='lat' dir='ltr'>der</span> <span class='ocrx_word' id='word_1_168' title='bbox 273 2056 409 2123; x_wconf 75' lang='lat' dir='ltr'>Tragaaie.</span> 
     </span>
    </p>

    <p class='ocr_par' dir='ltr' id='par_1_15' title="bbox 160 2124 670 2328">
     <span class='ocr_line' id='line_1_25' title="bbox 196 2124 670 2188; baseline 0.002 -12"><span class='ocrx_word' id='word_1_169' title='bbox 196 2128 218 2178; x_wconf 91' lang='lat'>1.</span> <span class='ocrx_word' id='word_1_170' title='bbox 240 2124 279 2175; x_wconf 81' lang='lat' dir='ltr'>Tu</span> <span class='ocrx_word' id='word_1_171' title='bbox 296 2140 337 2174; x_wconf 85' lang='lat' dir='ltr'>me</span> <span class='ocrx_word' id='word_1_172' title='bbox 355 2130 413 2188; x_wconf 83' lang='lat' dir='ltr'>cet,</span> <span class='ocrx_word' id='word_1_173' title='bbox 433 2140 478 2178; x_wconf 92' lang='lat' dir='ltr'>aus</span> <span class='ocrx_word' id='word_1_174' title='bbox 496 2124 600 2177; x_wconf 84' lang='lat' dir='ltr'>Ennius’</span> <span class='ocrx_word' id='word_1_175' title='bbox 616 2124 670 2177; x_wconf 95' lang='lat' dir='ltr'>Me-</span> 
     </span>
     <span class='ocr_line' id='line_1_26' title="bbox 161 2190 668 2258; baseline 0.008 -15"><span class='ocrx_word' id='word_1_176' title='bbox 161 2190 207 2243; x_wconf 86' lang='lat' dir='ltr'>dea</span> <span class='ocrx_word' id='word_1_177' title='bbox 226 2193 315 2255; x_wconf 86' lang='lat' dir='ltr'>exsul.‚</span> <span class='ocrx_word' id='word_1_178' title='bbox 333 2193 398 2245; x_wconf 89' lang='lat' dir='ltr'>nach</span> <span class='ocrx_word' id='word_1_179' title='bbox 417 2192 502 2258; x_wconf 86' lang='lat' dir='ltr'>Eurip.</span> <span class='ocrx_word' id='word_1_180' title='bbox 515 2192 613 2258; x_wconf 88' lang='lat' dir='ltr'>Medea,</span> <span class='ocrx_word' id='word_1_181' title='bbox 627 2210 668 2247; x_wconf 88' lang='lat' dir='ltr'>wo</span> 
     </span>
     <span class='ocr_line' id='line_1_27' title="bbox 160 2259 588 2328; baseline 0.012 -19"><span class='ocrx_word' id='word_1_182' title='bbox 160 2275 185 2312; x_wconf 88' lang='lat' dir='ltr'>v.</span> <span class='ocrx_word' id='word_1_183' title='bbox 204 2262 253 2313; x_wconf 85' lang='lat'>350</span> <span class='ocrx_word' id='word_1_184' title='bbox 271 2260 344 2312; x_wconf 89' lang='lat' dir='ltr'>lason</span> <span class='ocrx_word' id='word_1_185' title='bbox 361 2277 394 2313; x_wconf 86' lang='lat' dir='ltr'>zu</span> <span class='ocrx_word' id='word_1_186' title='bbox 411 2259 500 2313; x_wconf 85' lang='lat' dir='ltr'>Medea</span> <span class='ocrx_word' id='word_1_187' title='bbox 518 2268 588 2328; x_wconf 85' lang='lat' dir='ltr'>sagt:</span> 
     </span>
    </p>

    <p class='ocr_par' dir='ltr' id='par_1_16' title="bbox 195 2324 671 2534">
     <span class='ocr_line' id='line_1_28' title="bbox 359 2324 651 2401; baseline 0.01 -21"><span class='ocrx_word' id='word_1_188' title='bbox 359 2326 446 2399; x_wconf 79' lang='grc' dir='ltr'><em>Ἔρως</em></span> <span class='ocrx_word' id='word_1_189' title='bbox 467 2324 495 2381; x_wconf 87' lang='lat' dir='ltr'>a’</span> <span class='ocrx_word' id='word_1_190' title='bbox 514 2325 651 2401; x_wconf 75' lang='grc' dir='ltr'>ἠνάγκασε</span> 
     </span>
     <span class='ocr_line' id='line_1_29' title="bbox 195 2391 671 2518; baseline 0.004 -70"><span class='ocrx_word' id='word_1_191' title='bbox 195 2392 293 2449; x_wconf 74' lang='grc' dir='ltr'><strong><em>πόνων</em></strong></span> <span class='ocrx_word' id='word_1_192' title='bbox 313 2391 569 2518; x_wconf 30' lang='grc' dir='ltr'>ἆφύκτωέιτοῦμὸν</span> <span class='ocrx_word' id='word_1_193' title='bbox 587 2399 671 2450; x_wconf 65' lang='lat' dir='ltr'>duam-</span> 
     </span>
     <span class='ocr_line' id='line_1_30' title="bbox 365 2482 517 2534; baseline 0.013 -17"><span class='ocrx_word' id='word_1_194' title='bbox 365 2482 412 2518; x_wconf 84' lang='grc' dir='ltr'>σαι</span> <span class='ocrx_word' id='word_1_195' title='bbox 445 2483 517 2534; x_wconf 65' lang='lat' dir='ltr'>apae.</span> 
     </span>
    </p>

    <p class='ocr_par' dir='ltr' id='par_1_17' title="bbox 162 2534 674 3078">
     <span class='ocr_line' id='line_1_31' title="bbox 196 2534 671 2602; baseline 0.004 -17"><span class='ocrx_word' id='word_1_196' title='bbox 196 2537 219 2586; x_wconf 81' lang='lat'>2.</span> <span class='ocrx_word' id='word_1_197' title='bbox 233 2534 286 2585; x_wconf 79' lang='lat' dir='ltr'>Aul</span> <span class='ocrx_word' id='word_1_198' title='bbox 296 2534 367 2599; x_wconf 80' lang='lat' dir='ltr'>Quid</span> <span class='ocrx_word' id='word_1_199' title='bbox 374 2539 456 2602; x_wconf 79' lang='lat' dir='ltr'>ergo?</span> <span class='ocrx_word' id='word_1_200' title='bbox 468 2536 580 2588; x_wconf 82' lang='lat' dir='ltr'>welches</span> <span class='ocrx_word' id='word_1_201' title='bbox 593 2536 671 2588; x_wconf 87' lang='lat' dir='ltr'>eben·</span> 
     </span>
     <span class='ocr_line' id='line_1_32' title="bbox 163 2603 670 2671; baseline 0.002 -16"><span class='ocrx_word' id='word_1_202' title='bbox 163 2619 192 2655; x_wconf 93' lang='lat' dir='ltr'>so</span> <span class='ocrx_word' id='word_1_203' title='bbox 212 2604 262 2654; x_wconf 89' lang='lat' dir='ltr'>wie</span> <span class='ocrx_word' id='word_1_204' title='bbox 280 2603 352 2667; x_wconf 72' lang='lat' dir='ltr'>(haid</span> <span class='ocrx_word' id='word_1_205' title='bbox 369 2607 472 2669; x_wconf 74' lang='lat' dir='ltr'>igitur?</span> <span class='ocrx_word' id='word_1_206' title='bbox 489 2604 530 2656; x_wconf 91' lang='lat' dir='ltr'>die</span> <span class='ocrx_word' id='word_1_207' title='bbox 549 2604 670 2671; x_wconf 76' lang='lat' dir='ltr'>anagogi-</span> 
     </span>
     <span class='ocr_line' id='line_1_33' title="bbox 163 2670 672 2738; baseline 0.002 -15"><span class='ocrx_word' id='word_1_208' title='bbox 163 2672 224 2723; x_wconf 88' lang='lat' dir='ltr'>sche</span> <span class='ocrx_word' id='word_1_209' title='bbox 236 2670 453 2738; x_wconf 80' lang='lat' dir='ltr'>Beweisitilirung</span> <span class='ocrx_word' id='word_1_210' title='bbox 465 2672 589 2735; x_wconf 90' lang='lat' dir='ltr'>einleitet,</span> <span class='ocrx_word' id='word_1_211' title='bbox 601 2672 672 2724; x_wconf 69' lang='lat' dir='ltr'>hatte</span> 
     </span>
     <span class='ocr_line' id='line_1_34' title="bbox 163 2738 673 2807; baseline 0.006 -18"><span class='ocrx_word' id='word_1_212' title='bbox 163 2738 673 2807; x_wconf 76' lang='lat' dir='ltr'>nachregelmafsigemSprachgehrauch</span> 
     </span>
     <span class='ocr_line' id='line_1_35' title="bbox 162 2806 673 2875; baseline 0.01 -19"><span class='ocrx_word' id='word_1_213' title='bbox 162 2806 258 2857; x_wconf 86' lang='lat' dir='ltr'>wieder</span> <span class='ocrx_word' id='word_1_214' title='bbox 283 2807 340 2859; x_wconf 91' lang='lat' dir='ltr'>eine</span> <span class='ocrx_word' id='word_1_215' title='bbox 361 2808 441 2875; x_wconf 80' lang='lat' dir='ltr'>Frage</span> <span class='ocrx_word' id='word_1_216' title='bbox 465 2808 553 2874; x_wconf 78' lang='lat' dir='ltr'>loigeri</span> <span class='ocrx_word' id='word_1_217' title='bbox 576 2808 673 2860; x_wconf 87' lang='lat' dir='ltr'>sollen:</span> 
     </span>
     <span class='ocr_line' id='line_1_36' title="bbox 162 2874 673 2928; baseline 0.008 -5"><span class='ocrx_word' id='word_1_218' title='bbox 162 2874 271 2924; x_wconf 74' lang='lat' dir='ltr'>nattam</span> <span class='ocrx_word' id='word_1_219' title='bbox 294 2877 338 2927; x_wconf 82' lang='lat' dir='ltr'>dic</span> <span class='ocrx_word' id='word_1_220' title='bbox 359 2892 434 2927; x_wconf 81' lang='lat' dir='ltr'>amor</span> <span class='ocrx_word' id='word_1_221' title='bbox 450 2904 485 2914; x_wconf 91' lang='lat'><em>-</em></span> <span class='ocrx_word' id='word_1_222' title='bbox 502 2878 673 2928; x_wconf 58' lang='lat' dir='ltr'>maseriarum</span> 
     </span>
     <span class='ocr_line' id='line_1_37' title="bbox 163 2941 674 3011; baseline 0.008 -18"><span class='ocrx_word' id='word_1_223' title='bbox 163 2945 294 2995; x_wconf 72' lang='lat' dir='ltr'>excitavit</span> <span class='ocrx_word' id='word_1_224' title='bbox 309 2944 453 2996; x_wconf 82' lang='lat' dir='ltr'>incendia?</span> <span class='ocrx_word' id='word_1_225' title='bbox 471 2941 530 3010; x_wconf 76' lang='lat' dir='ltr'>vgt.</span> <span class='ocrx_word' id='word_1_226' title='bbox 549 2961 580 2997; x_wconf 83' lang='lat' dir='ltr'>an</span> <span class='ocrx_word' id='word_1_227' title='bbox 597 2945 615 2996; x_wconf 93' lang='lat' dir='ltr'>l.</span> <span class='ocrx_word' id='word_1_228' title='bbox 632 2947 674 3011; x_wconf 81' lang='lat'>25,</span> 
     </span>
     <span class='ocr_line' id='line_1_38' title="bbox 163 3011 423 3078; baseline -0.004 -15"><span class='ocrx_word' id='word_1_229' title='bbox 163 3013 210 3065; x_wconf 82' lang='lat'>61:</span> <span class='ocrx_word' id='word_1_230' title='bbox 229 3011 301 3076; x_wconf 78' lang='lat' dir='ltr'>Quid</span> <span class='ocrx_word' id='word_1_231' title='bbox 317 3015 423 3078; x_wconf 67' lang='lat' dir='ltr'>igitaffl</span> 
     </span>
    </p>

    <p class='ocr_par' dir='ltr' id='par_1_18' title="bbox 163 3078 672 3269">
     <span class='ocr_line' id='line_1_39' title="bbox 197 3078 672 3147; baseline -0.004 -14"><span class='ocrx_word' id='word_1_232' title='bbox 197 3083 221 3133; x_wconf 84' lang='grc'>3.</span> <span class='ocrx_word' id='word_1_233' title='bbox 239 3082 314 3147; x_wconf 82' lang='lat' dir='ltr'>apud</span> <span class='ocrx_word' id='word_1_234' title='bbox 326 3081 409 3133; x_wconf 82' lang='lat' dir='ltr'>alium</span> <span class='ocrx_word' id='word_1_235' title='bbox 422 3083 536 3146; x_wconf 83' lang='lat' dir='ltr'>poetam,</span> <span class='ocrx_word' id='word_1_236' title='bbox 554 3078 610 3131; x_wconf 89' lang='lat' dir='ltr'>dem</span> <span class='ocrx_word' id='word_1_237' title='bbox 623 3081 672 3131; x_wconf 85' lang='lat' dir='ltr'>Ac·</span> 
     </span>
     <span class='ocr_line' id='line_1_40' title="bbox 164 3147 671 3201; baseline -0.002 -1"><span class='ocrx_word' id='word_1_238' title='bbox 164 3148 218 3201; x_wconf 86' lang='lat' dir='ltr'>eins</span> <span class='ocrx_word' id='word_1_239' title='bbox 241 3148 294 3200; x_wconf 87' lang='lat' dir='ltr'>und</span> <span class='ocrx_word' id='word_1_240' title='bbox 321 3163 390 3200; x_wconf 86' lang='lat' dir='ltr'>zwar</span> <span class='ocrx_word' id='word_1_241' title='bbox 413 3147 625 3200; x_wconf 79' lang='lat' dir='ltr'>walirscheinlich</span> <span class='ocrx_word' id='word_1_242' title='bbox 645 3148 671 3199; x_wconf 90' lang='lat' dir='ltr'>in</span> 
     </span>
     <span class='ocr_line' id='line_1_41' title="bbox 163 3215 371 3269; baseline 0.005 -1"><span class='ocrx_word' id='word_1_243' title='bbox 163 3217 255 3269; x_wconf 88' lang='lat' dir='ltr'>dessen</span> <span class='ocrx_word' id='word_1_244' title='bbox 272 3215 371 3269; x_wconf 88' lang='lat' dir='ltr'>Medea.</span> 
     </span>
    </p>

    <p class='ocr_par' dir='ltr' id='par_1_19' title="bbox 198 3284 672 3352">
     <span class='ocr_line' id='line_1_42' title="bbox 198 3284 672 3352; baseline -0.004 -14"><span class='ocrx_word' id='word_1_245' title='bbox 198 3288 222 3338; x_wconf 84' lang='lat'>5.</span> <span class='ocrx_word' id='word_1_246' title='bbox 241 3287 288 3351; x_wconf 82' lang='lat' dir='ltr'>qui</span> <span class='ocrx_word' id='word_1_247' title='bbox 303 3285 365 3352; x_wconf 81' lang='lat' dir='ltr'>plus</span> <span class='ocrx_word' id='word_1_248' title='bbox 378 3285 470 3351; x_wconf 84' lang='lat' dir='ltr'>pollet,</span> <span class='ocrx_word' id='word_1_249' title='bbox 488 3284 564 3335; x_wconf 76' lang='lat' dir='ltr'>nami.</span> <span class='ocrx_word' id='word_1_250' title='bbox 581 3284 672 3336; x_wconf 82' lang='lat' dir='ltr'>Amor.</span> 
     </span>
    </p>

    <p class='ocr_par' dir='ltr' id='par_1_20' title="bbox 162 3344 674 3610">
     <span class='ocr_line' id='line_1_43' title="bbox 198 3344 672 3419; baseline 0 -14"><span class='ocrx_word' id='word_1_251' title='bbox 198 3355 222 3408; x_wconf 86' lang='grc'>6.</span> <span class='ocrx_word' id='word_1_252' title='bbox 249 3369 362 3419; x_wconf 81' lang='lat' dir='ltr'>quorum</span> <span class='ocrx_word' id='word_1_253' title='bbox 385 3352 486 3415; x_wconf 78' lang='lat' dir='ltr'>fabulis</span> <span class='ocrx_word' id='word_1_254' title='bbox 499 3344 577 3404; x_wconf 80' lang='lat' dir='ltr'>‘nach</span> <span class='ocrx_word' id='word_1_255' title='bbox 595 3352 672 3405; x_wconf 90' lang='lat' dir='ltr'>deren</span> 
     </span>
     <span class='ocr_line' id='line_1_44' title="bbox 162 3417 671 3487; baseline 0 -15"><span class='ocrx_word' id='word_1_256' title='bbox 162 3417 376 3487; x_wconf 80' lang='lat' dir='ltr'>Erdiclitungen&#39;;</span> <span class='ocrx_word' id='word_1_257' title='bbox 394 3420 462 3473; x_wconf 88' lang='lat' dir='ltr'>dean</span> <span class='ocrx_word' id='word_1_258' title='bbox 474 3420 612 3473; x_wconf 86' lang='lat' dir='ltr'>bedeulete</span> <span class='ocrx_word' id='word_1_259' title='bbox 629 3418 671 3482; x_wconf 82' lang='lat' dir='ltr'>fa-</span> 
     </span>
     <span class='ocr_line' id='line_1_45' title="bbox 164 3482 674 3555; baseline 0.002 -15"><span class='ocrx_word' id='word_1_260' title='bbox 164 3490 244 3541; x_wconf 81' lang='lat' dir='ltr'>batae</span> <span class='ocrx_word' id='word_1_261' title='bbox 260 3482 462 3555; x_wconf 83' lang='lat' dir='ltr'>‘Schauspiele&#39;,</span> <span class='ocrx_word' id='word_1_262' title='bbox 489 3504 518 3541; x_wconf 87' lang='lat' dir='ltr'>so</span> <span class='ocrx_word' id='word_1_263' title='bbox 543 3489 614 3542; x_wconf 77' lang='lat' dir='ltr'>hatte</span> <span class='ocrx_word' id='word_1_264' title='bbox 643 3492 674 3541; x_wconf 82' lang='lat' dir='ltr'>ia</span> 
     </span>
     <span class='ocr_line' id='line_1_46' title="bbox 164 3556 469 3610; baseline -0.003 -1"><span class='ocrx_word' id='word_1_265' title='bbox 164 3558 235 3610; x_wconf 90' lang='lat' dir='ltr'>nicht</span> <span class='ocrx_word' id='word_1_266' title='bbox 254 3557 341 3609; x_wconf 82' lang='lat' dir='ltr'>lehlen</span> <span class='ocrx_word' id='word_1_267' title='bbox 358 3556 469 3609; x_wconf 75' lang='lat' dir='ltr'>konnen.</span> 
     </span>
    </p>

    <p class='ocr_par' dir='ltr' id='par_1_21' title="bbox 198 3628 673 3692">
     <span class='ocr_line' id='line_1_47' title="bbox 198 3628 673 3692; baseline 0 -14"><span class='ocrx_word' id='word_1_268' title='bbox 198 3629 222 3679; x_wconf 83' lang='lat'>8.</span> <span class='ocrx_word' id='word_1_269' title='bbox 244 3641 362 3676; x_wconf 84' lang='lat' dir='ltr'>amorem</span> <span class='ocrx_word' id='word_1_270' title='bbox 382 3630 483 3690; x_wconf 76' lang='lat' dir='ltr'>nogant</span> <span class='ocrx_word' id='word_1_271' title='bbox 505 3628 593 3692; x_wconf 76' lang='lat' dir='ltr'>stupri</span> <span class='ocrx_word' id='word_1_272' title='bbox 612 3643 673 3678; x_wconf 74' lang='lat' dir='ltr'>aare.</span> 
     </span>
    </p>
   </div>
   <div class='ocr_carea' id='block_1_13' title="bbox 718 1853 1236 3695">
    <p class='ocr_par' dir='ltr' id='par_1_22' title="bbox 718 1853 1229 2315">
     <span class='ocr_line' id='line_1_48' title="bbox 755 1853 1228 1907; baseline -0.004 0"><span class='ocrx_word' id='word_1_273' title='bbox 755 1857 779 1907; x_wconf 85' lang='grc'>9.</span> <span class='ocrx_word' id='word_1_274' title='bbox 809 1868 864 1905; x_wconf 84' lang='lat' dir='ltr'>non</span> <span class='ocrx_word' id='word_1_275' title='bbox 890 1853 1005 1904; x_wconf 81' lang='lat' dir='ltr'>multam</span> <span class='ocrx_word' id='word_1_276' title='bbox 1033 1880 1072 1893; x_wconf 91' lang='lat'><em>-</em></span> <span class='ocrx_word' id='word_1_277' title='bbox 1095 1857 1228 1905; x_wconf 60' lang='lat' dir='ltr'>momente</span> 
     </span>
     <span class='ocr_line' id='line_1_49' title="bbox 718 1917 1228 1975; baseline 0 -2"><span class='ocrx_word' id='word_1_278' title='bbox 718 1917 775 1974; x_wconf 88' lang='lat' dir='ltr'>‘der</span> <span class='ocrx_word' id='word_1_279' title='bbox 787 1920 868 1973; x_wconf 88' lang='lat' dir='ltr'>bieria</span> <span class='ocrx_word' id='word_1_280' title='bbox 879 1935 907 1972; x_wconf 89' lang='lat' dir='ltr'>so</span> <span class='ocrx_word' id='word_1_281' title='bbox 922 1920 1041 1972; x_wconf 84' lang='lat' dir='ltr'>ziemlich</span> <span class='ocrx_word' id='word_1_282' title='bbox 1051 1920 1098 1975; x_wconf 80' lang='lat' dir='ltr'>die</span> <span class='ocrx_word' id='word_1_283' title='bbox 1106 1921 1228 1975; x_wconf 81' lang='lat' dir='ltr'>Wahrlcit</span> 
     </span>
     <span class='ocr_line' id='line_1_50' title="bbox 722 1984 1228 2058; baseline -0.004 -16"><span class='ocrx_word' id='word_1_284' title='bbox 722 1995 780 2057; x_wconf 80' lang='lat' dir='ltr'>sagt</span> <span class='ocrx_word' id='word_1_285' title='bbox 797 1987 852 2052; x_wconf 88' lang='lat' dir='ltr'>(das</span> <span class='ocrx_word' id='word_1_286' title='bbox 869 1987 988 2054; x_wconf 78' lang='lat' dir='ltr'>Richtige</span> <span class='ocrx_word' id='word_1_287' title='bbox 1007 1984 1107 2055; x_wconf 72' lang='lat' dir='ltr'>trill&#39;tl&#39;.</span> <span class='ocrx_word' id='word_1_288' title='bbox 1141 1988 1228 2058; x_wconf 77' lang='lat' dir='ltr'>Epilnr</span> 
     </span>
     <span class='ocr_line' id='line_1_51' title="bbox 721 2056 1226 2125; baseline -0.002 -15"><span class='ocrx_word' id='word_1_289' title='bbox 721 2058 782 2110; x_wconf 86' lang='lat' dir='ltr'>land</span> <span class='ocrx_word' id='word_1_290' title='bbox 792 2056 868 2108; x_wconf 78' lang='lat' dir='ltr'>nami.</span> <span class='ocrx_word' id='word_1_291' title='bbox 880 2056 922 2108; x_wconf 86' lang='lat' dir='ltr'>die</span> <span class='ocrx_word' id='word_1_292' title='bbox 931 2056 1009 2108; x_wconf 82' lang='lat' dir='ltr'>liobe</span> <span class='ocrx_word' id='word_1_293' title='bbox 1021 2073 1072 2109; x_wconf 86' lang='lat' dir='ltr'>nur</span> <span class='ocrx_word' id='word_1_294' title='bbox 1084 2059 1121 2110; x_wconf 87' lang='lat' dir='ltr'>im</span> <span class='ocrx_word' id='word_1_295' title='bbox 1132 2057 1226 2125; x_wconf 73' lang='lat' dir='ltr'>eigectl</span> 
     </span>
     <span class='ocr_line' id='line_1_52' title="bbox 719 2124 1228 2191; baseline -0.006 -12"><span class='ocrx_word' id='word_1_296' title='bbox 719 2126 921 2191; x_wconf 76' lang='lat' dir='ltr'>liebesgenusse</span> <span class='ocrx_word' id='word_1_297' title='bbox 946 2124 999 2177; x_wconf 85' lang='lat' dir='ltr'>aad</span> <span class='ocrx_word' id='word_1_298' title='bbox 1030 2124 1168 2179; x_wconf 87' lang='lat' dir='ltr'>definierte</span> <span class='ocrx_word' id='word_1_299' title='bbox 1196 2126 1228 2177; x_wconf 88' lang='lat' dir='ltr'><strong>sic</strong></span> 
     </span>
     <span class='ocr_line' id='line_1_53' title="bbox 720 2187 1229 2265; baseline -0.004 -18"><span class='ocrx_word' id='word_1_300' title='bbox 720 2193 798 2247; x_wconf 87' lang='lat' dir='ltr'>daher</span> <span class='ocrx_word' id='word_1_301' title='bbox 815 2192 853 2244; x_wconf 90' lang='lat' dir='ltr'>als</span> <span class='ocrx_word' id='word_1_302' title='bbox 874 2187 1003 2246; x_wconf 68' lang='grc' dir='ltr'><strong><em>σύντονος</em></strong></span> <span class='ocrx_word' id='word_1_303' title='bbox 1020 2187 1110 2264; x_wconf 67' lang='grc' dir='ltr'><strong><em>ὄρεξις</em></strong></span> <span class='ocrx_word' id='word_1_304' title='bbox 1126 2189 1229 2265; x_wconf 70' lang='grc' dir='ltr'>ἀφροδι-</span> 
     </span>
     <span class='ocr_line' id='line_1_54' title="bbox 720 2267 799 2315; baseline 0 -2"><span class='ocrx_word' id='word_1_305' title='bbox 720 2267 799 2315; x_wconf 77' lang='grc' dir='ltr'><strong>σίων.</strong></span> 
     </span>
    </p>

    <p class='ocr_par' dir='ltr' id='par_1_23' title="bbox 757 2326 1229 2400">
     <span class='ocr_line' id='line_1_55' title="bbox 757 2326 1229 2400; baseline -0.002 -16"><span class='ocrx_word' id='word_1_306' title='bbox 757 2334 796 2384; x_wconf 82' lang='grc'>10.</span> <span class='ocrx_word' id='word_1_307' title='bbox 808 2344 885 2381; x_wconf 79' lang='lat' dir='ltr'>amor</span> <span class='ocrx_word' id='word_1_308' title='bbox 895 2331 1040 2394; x_wconf 80' lang='lat' dir='ltr'>anticitiaa,</span> <span class='ocrx_word' id='word_1_309' title='bbox 1057 2332 1129 2400; x_wconf 66' lang='lat' dir='ltr'>{aare</span> <span class='ocrx_word' id='word_1_310' title='bbox 1140 2326 1229 2400; x_wconf 62' lang='lat' dir='ltr'>afflue</span> 
     </span>
    </p>

    <p class='ocr_par' dir='ltr' id='par_1_24' title="bbox 721 2397 1232 2875">
     <span class='ocr_line' id='line_1_56' title="bbox 757 2397 1228 2466; baseline 0 -15"><span class='ocrx_word' id='word_1_311' title='bbox 757 2402 797 2457; x_wconf 88' lang='lat' dir='ltr'>ll.</span> <span class='ocrx_word' id='word_1_312' title='bbox 822 2401 852 2448; x_wconf 84' lang='lat' dir='ltr'>iat</span> <span class='ocrx_word' id='word_1_313' title='bbox 881 2397 1045 2449; x_wconf 78' lang='lat' dir='ltr'>Graecorum</span> <span class='ocrx_word' id='word_1_314' title='bbox 1075 2400 1228 2466; x_wconf 66' lang='lat' dir='ltr'>gymnade</span> 
     </span>
     <span class='ocr_line' id='line_1_57' title="bbox 721 2465 1229 2533; baseline 0.006 -15"><span class='ocrx_word' id='word_1_315' title='bbox 721 2465 1229 2533; x_wconf 70' lang='lat' dir='ltr'>Cic.dcrep.lll.3,3:approba-tafnim</span> 
     </span>
     <span class='ocr_line' id='line_1_58' title="bbox 721 2535 1230 2602; baseline 0.004 -16"><span class='ocrx_word' id='word_1_316' title='bbox 721 2535 947 2602; x_wconf 75' lang='lat' dir='ltr'>adulescentibus,</span> <span class='ocrx_word' id='word_1_317' title='bbox 973 2539 999 2585; x_wconf 76' lang='lat' dir='ltr'>aa·</span> <span class='ocrx_word' id='word_1_318' title='bbox 1023 2540 1162 2587; x_wconf 71' lang='lat' dir='ltr'>arcatores</span> <span class='ocrx_word' id='word_1_319' title='bbox 1182 2550 1230 2587; x_wconf 75' lang='lat' dir='ltr'>noa</span> 
     </span>
     <span class='ocr_line' id='line_1_59' title="bbox 721 2601 1231 2668; baseline -0.002 -14"><span class='ocrx_word' id='word_1_320' title='bbox 721 2606 861 2665; x_wconf 83' lang='lat' dir='ltr'>taderaat;</span> <span class='ocrx_word' id='word_1_321' title='bbox 879 2602 945 2668; x_wconf 86' lang='lat' dir='ltr'>Nep.</span> <span class='ocrx_word' id='word_1_322' title='bbox 962 2601 1041 2668; x_wconf 83' lang='lat' dir='ltr'>prael.</span> <span class='ocrx_word' id='word_1_323' title='bbox 1056 2606 1085 2656; x_wconf 80' lang='lat'>4:</span> <span class='ocrx_word' id='word_1_324' title='bbox 1104 2604 1231 2657; x_wconf 61' lang='lat' dir='ltr'>Lamia</span> 
     </span>
     <span class='ocr_line' id='line_1_60' title="bbox 727 2671 1232 2725; baseline 0 -2"><span class='ocrx_word' id='word_1_325' title='bbox 727 2671 840 2723; x_wconf 84' lang='lat' dir='ltr'>Graecia</span> <span class='ocrx_word' id='word_1_326' title='bbox 878 2671 987 2723; x_wconf 67' lang='grc' dir='ltr'>ἀποίων</span> <span class='ocrx_word' id='word_1_327' title='bbox 1021 2671 1232 2725; x_wconf 72' lang='lat' dir='ltr'>adulescentibus</span> 
     </span>
     <span class='ocr_line' id='line_1_61' title="bbox 725 2740 1232 2805; baseline 0.004 -14"><span class='ocrx_word' id='word_1_328' title='bbox 725 2756 806 2805; x_wconf 83' lang='lat' dir='ltr'>qaam</span> <span class='ocrx_word' id='word_1_329' title='bbox 824 2740 958 2805; x_wconf 75' lang='lat' dir='ltr'>plurimos</span> <span class='ocrx_word' id='word_1_330' title='bbox 980 2740 1077 2790; x_wconf 81' lang='lat' dir='ltr'>dabore</span> <span class='ocrx_word' id='word_1_331' title='bbox 1094 2746 1232 2793; x_wconf 69' lang='lat' dir='ltr'>amamus.</span> 
     </span>
     <span class='ocr_line' id='line_1_62' title="bbox 725 2807 1021 2875; baseline 0.003 -16"><span class='ocrx_word' id='word_1_332' title='bbox 725 2807 791 2860; x_wconf 89' lang='lat' dir='ltr'>Plat.</span> <span class='ocrx_word' id='word_1_333' title='bbox 810 2807 899 2875; x_wconf 81' lang='lat' dir='ltr'><strong>symp.</strong></span> <span class='ocrx_word' id='word_1_334' title='bbox 918 2810 933 2861; x_wconf 87' lang='grc'><strong>6</strong></span> <span class='ocrx_word' id='word_1_335' title='bbox 952 2824 978 2861; x_wconf 88' lang='lat' dir='ltr'>u.</span> <span class='ocrx_word' id='word_1_336' title='bbox 996 2811 1021 2860; x_wconf 75' lang='lat' dir='ltr'>t.</span> 
     </span>
    </p>

    <p class='ocr_par' dir='ltr' id='par_1_25' title="bbox 725 2874 1233 2997">
     <span class='ocr_line' id='line_1_63' title="bbox 761 2874 1233 2939; baseline 0.006 -11"><span class='ocrx_word' id='word_1_337' title='bbox 761 2878 801 2929; x_wconf 88' lang='lat'>13.</span> <span class='ocrx_word' id='word_1_338' title='bbox 818 2876 932 2930; x_wconf 76' lang='lat' dir='ltr'>[danim.</span> <span class='ocrx_word' id='word_1_339' title='bbox 948 2877 977 2929; x_wconf 89' lang='lat' dir='ltr'>ln</span> <span class='ocrx_word' id='word_1_340' title='bbox 990 2874 1119 2929; x_wconf 74' lang='lat' dir='ltr'>walchem</span> <span class='ocrx_word' id='word_1_341' title='bbox 1132 2874 1233 2939; x_wconf 81' lang='lat' dir='ltr'>Stdclte,</span> 
     </span>
     <span class='ocr_line' id='line_1_64' title="bbox 725 2943 933 2997; baseline 0 -1"><span class='ocrx_word' id='word_1_342' title='bbox 725 2945 759 2997; x_wconf 88' lang='lat' dir='ltr'><strong>ist</strong></span> <span class='ocrx_word' id='word_1_343' title='bbox 776 2943 933 2997; x_wconf 76' lang='lat' dir='ltr'>unbekannt</span> 
     </span>
    </p>

    <p class='ocr_par' dir='ltr' id='par_1_26' title="bbox 722 3011 1236 3419">
     <span class='ocr_line' id='line_1_65' title="bbox 761 3011 1235 3078; baseline 0.006 -13"><span class='ocrx_word' id='word_1_344' title='bbox 761 3016 800 3065; x_wconf 84' lang='lat'>14.</span> <span class='ocrx_word' id='word_1_345' title='bbox 818 3013 925 3078; x_wconf 74' lang='lat' dir='ltr'>rogita·</span> <span class='ocrx_word' id='word_1_346' title='bbox 942 3016 991 3065; x_wconf 84' lang='lat' dir='ltr'>cet</span> <span class='ocrx_word' id='word_1_347' title='bbox 1008 3011 1055 3066; x_wconf 84' lang='lat' dir='ltr'>Die</span> <span class='ocrx_word' id='word_1_348' title='bbox 1073 3012 1170 3068; x_wconf 76' lang='lat' dir='ltr'>Romer</span> <span class='ocrx_word' id='word_1_349' title='bbox 1185 3028 1235 3067; x_wconf 71' lang='lat' dir='ltr'>wa·</span> 
     </span>
     <span class='ocr_line' id='line_1_66' title="bbox 724 3080 1235 3135; baseline 0.004 -2"><span class='ocrx_word' id='word_1_350' title='bbox 724 3096 767 3133; x_wconf 89' lang='lat' dir='ltr'>ren</span> <span class='ocrx_word' id='word_1_351' title='bbox 791 3082 818 3132; x_wconf 92' lang='lat' dir='ltr'>in</span> <span class='ocrx_word' id='word_1_352' title='bbox 839 3080 955 3133; x_wconf 88' lang='lat' dir='ltr'><strong>Miasicht</strong></span> <span class='ocrx_word' id='word_1_353' title='bbox 980 3081 1026 3133; x_wconf 83' lang='lat' dir='ltr'>aul</span> <span class='ocrx_word' id='word_1_354' title='bbox 1047 3081 1098 3134; x_wconf 90' lang='lat' dir='ltr'>den</span> <span class='ocrx_word' id='word_1_355' title='bbox 1119 3080 1235 3135; x_wconf 79' lang='lat' dir='ltr'>Anstand</span> 
     </span>
     <span class='ocr_line' id='line_1_67' title="bbox 724 3147 1236 3217; baseline 0.002 -17"><span class='ocrx_word' id='word_1_356' title='bbox 724 3149 786 3201; x_wconf 83' lang='lat' dir='ltr'>weit</span> <span class='ocrx_word' id='word_1_357' title='bbox 796 3155 912 3215; x_wconf 80' lang='lat' dir='ltr'>strenger</span> <span class='ocrx_word' id='word_1_358' title='bbox 920 3149 960 3201; x_wconf 90' lang='lat' dir='ltr'>als</span> <span class='ocrx_word' id='word_1_359' title='bbox 971 3147 1012 3201; x_wconf 87' lang='lat' dir='ltr'>die</span> <span class='ocrx_word' id='word_1_360' title='bbox 1024 3149 1162 3203; x_wconf 84' lang='lat' dir='ltr'>Griechen.</span> <span class='ocrx_word' id='word_1_361' title='bbox 1177 3148 1236 3217; x_wconf 77' lang='lat' dir='ltr'>Mgl</span> 
     </span>
     <span class='ocr_line' id='line_1_68' title="bbox 723 3216 1235 3286; baseline 0.006 -18"><span class='ocrx_word' id='word_1_362' title='bbox 723 3216 755 3270; x_wconf 91' lang='lat' dir='ltr'>de</span> <span class='ocrx_word' id='word_1_363' title='bbox 773 3216 816 3269; x_wconf 84' lang='lat' dir='ltr'>oli.</span> <span class='ocrx_word' id='word_1_364' title='bbox 833 3217 851 3269; x_wconf 92' lang='lat' dir='ltr'>l.</span> <span class='ocrx_word' id='word_1_365' title='bbox 870 3219 912 3282; x_wconf 84' lang='lat'>35,</span> <span class='ocrx_word' id='word_1_366' title='bbox 932 3219 992 3272; x_wconf 82' lang='lat'>129:</span> <span class='ocrx_word' id='word_1_367' title='bbox 1010 3216 1112 3271; x_wconf 76' lang='lat' dir='ltr'>Nostro</span> <span class='ocrx_word' id='word_1_368' title='bbox 1132 3218 1235 3286; x_wconf 69' lang='lat' dir='ltr'>quim</span> 
     </span>
     <span class='ocr_line' id='line_1_69' title="bbox 722 3286 1235 3354; baseline 0.01 -19"><span class='ocrx_word' id='word_1_369' title='bbox 722 3301 796 3337; x_wconf 78' lang='lat' dir='ltr'>mora</span> <span class='ocrx_word' id='word_1_370' title='bbox 809 3300 868 3337; x_wconf 85' lang='lat' dir='ltr'>oum</span> <span class='ocrx_word' id='word_1_371' title='bbox 880 3288 1039 3351; x_wconf 76' lang='lat' dir='ltr'>pareatibus</span> <span class='ocrx_word' id='word_1_372' title='bbox 1047 3288 1167 3353; x_wconf 77' lang='lat' dir='ltr'>pubem</span> <span class='ocrx_word' id='word_1_373' title='bbox 1176 3286 1235 3354; x_wconf 74' lang='lat' dir='ltr'>filit,</span> 
     </span>
     <span class='ocr_line' id='line_1_70' title="bbox 723 3356 1234 3419; baseline 0.012 -15"><span class='ocrx_word' id='word_1_374' title='bbox 723 3369 783 3405; x_wconf 82' lang='lat' dir='ltr'>cum</span> <span class='ocrx_word' id='word_1_375' title='bbox 800 3357 901 3405; x_wconf 64' lang='lat' dir='ltr'>noceria</span> <span class='ocrx_word' id='word_1_376' title='bbox 913 3357 1010 3419; x_wconf 76' lang='lat' dir='ltr'>ganan·</span> <span class='ocrx_word' id='word_1_377' title='bbox 1025 3370 1082 3407; x_wconf 82' lang='lat' dir='ltr'>aon</span> <span class='ocrx_word' id='word_1_378' title='bbox 1099 3356 1234 3409; x_wconf 68' lang='lat' dir='ltr'>laam.</span> 
     </span>
    </p>

    <p class='ocr_par' dir='ltr' id='par_1_27' title="bbox 724 3422 1234 3624">
     <span class='ocr_line' id='line_1_71' title="bbox 759 3422 1234 3490; baseline 0.008 -16"><span class='ocrx_word' id='word_1_379' title='bbox 759 3425 798 3475; x_wconf 84' lang='lat' dir='ltr'>ta.</span> <span class='ocrx_word' id='word_1_380' title='bbox 812 3423 873 3488; x_wconf 75' lang='lat' dir='ltr'>Qui,</span> <span class='ocrx_word' id='word_1_381' title='bbox 886 3422 962 3474; x_wconf 81' lang='lat' dir='ltr'>niml.</span> <span class='ocrx_word' id='word_1_382' title='bbox 975 3428 1105 3490; x_wconf 65' lang='lat' dir='ltr'>amandae,</span> <span class='ocrx_word' id='word_1_383' title='bbox 1124 3439 1179 3478; x_wconf 74' lang='lat' dir='ltr'>rrae</span> <span class='ocrx_word' id='word_1_384' title='bbox 1191 3439 1234 3477; x_wconf 76' lang='lat' dir='ltr'>aaa</span> 
     </span>
     <span class='ocr_line' id='line_1_72' title="bbox 725 3490 1233 3556; baseline 0.008 -15"><span class='ocrx_word' id='word_1_385' title='bbox 725 3505 836 3554; x_wconf 76' lang='lat' dir='ltr'>amores,</span> <span class='ocrx_word' id='word_1_386' title='bbox 854 3506 886 3543; x_wconf 84' lang='lat' dir='ltr'>zu</span> <span class='ocrx_word' id='word_1_387' title='bbox 904 3492 1030 3556; x_wconf 73' lang='lat' dir='ltr'>erginzen</span> <span class='ocrx_word' id='word_1_388' title='bbox 1041 3490 1085 3545; x_wconf 80' lang='lat' dir='ltr'><strong>ist</strong></span> <span class='ocrx_word' id='word_1_389' title='bbox 1109 3491 1139 3549; x_wconf 87' lang='lat' dir='ltr'>S.</span> <span class='ocrx_word' id='word_1_390' title='bbox 1151 3494 1233 3556; x_wconf 79' lang='lat'>21121,</span> 
     </span>
     <span class='ocr_line' id='line_1_73' title="bbox 724 3560 965 3624; baseline 0.004 -14"><span class='ocrx_word' id='word_1_391' title='bbox 724 3560 768 3610; x_wconf 83' lang='lat'>48:</span> <span class='ocrx_word' id='word_1_392' title='bbox 788 3562 819 3609; x_wconf 82' lang='lat' dir='ltr'>ta</span> <span class='ocrx_word' id='word_1_393' title='bbox 835 3561 873 3609; x_wconf 77' lang='lat' dir='ltr'><strong>ais</strong></span> <span class='ocrx_word' id='word_1_394' title='bbox 890 3561 965 3624; x_wconf 72' lang='lat' dir='ltr'><strong>ipsis.</strong></span> 
     </span>
    </p>

    <p class='ocr_par' dir='ltr' id='par_1_28' title="bbox 760 3626 1234 3695">
     <span class='ocr_line' id='line_1_74' title="bbox 760 3626 1234 3695; baseline -0.002 -15"><span class='ocrx_word' id='word_1_395' title='bbox 760 3629 800 3680; x_wconf 86' lang='grc'>16.</span> <span class='ocrx_word' id='word_1_396' title='bbox 818 3630 878 3693; x_wconf 76' lang='lat' dir='ltr'>ipsi,</span> <span class='ocrx_word' id='word_1_397' title='bbox 895 3627 931 3678; x_wconf 90' lang='lat' dir='ltr'>im</span> <span class='ocrx_word' id='word_1_398' title='bbox 949 3626 1092 3694; x_wconf 78' lang='lat' dir='ltr'>Gegensatz</span> <span class='ocrx_word' id='word_1_399' title='bbox 1114 3644 1149 3682; x_wconf 81' lang='lat' dir='ltr'>an</span> <span class='ocrx_word' id='word_1_400' title='bbox 1167 3628 1234 3695; x_wconf 74' lang='lat' dir='ltr'>legas</span> 
     </span>
    </p>
   </div>
   <div class='ocr_carea' id='block_1_14' title="bbox 164 3692 858 3761">
    <p class='ocr_par' dir='ltr' id='par_1_29' title="bbox 164 3692 858 3761">
     <span class='ocr_line' id='line_1_75' title="bbox 164 3692 858 3761; baseline 0.003 -17"><span class='ocrx_word' id='word_1_401' title='bbox 164 3692 210 3745; x_wconf 81' lang='lat' dir='ltr'>lite</span> <span class='ocrx_word' id='word_1_402' title='bbox 228 3692 331 3745; x_wconf 87' lang='lat' dir='ltr'>Stoiker</span> <span class='ocrx_word' id='word_1_403' title='bbox 349 3699 438 3760; x_wconf 79' lang='lat' dir='ltr'>sagten</span> <span class='ocrx_word' id='word_1_404' title='bbox 461 3695 536 3758; x_wconf 84' lang='lat' dir='ltr'>(nach</span> <span class='ocrx_word' id='word_1_405' title='bbox 554 3693 627 3761; x_wconf 75' lang='lat' dir='ltr'>mog.</span> <span class='ocrx_word' id='word_1_406' title='bbox 646 3693 672 3747; x_wconf 84' lang='lat' dir='ltr'>L.</span> <span class='ocrx_word' id='word_1_407' title='bbox 721 3697 858 3761; x_wconf 81' lang='lat' dir='ltr'>publicae.</span> 
     </span>
    </p>
   </div>
   <div class='ocr_carea' id='block_1_15' title="bbox 163 3759 673 3899">
    <p class='ocr_par' dir='ltr' id='par_1_30' title="bbox 163 3759 673 3899">
     <span class='ocr_line' id='line_1_76' title="bbox 164 3759 673 3831; baseline 0.01 -22"><span class='ocrx_word' id='word_1_408' title='bbox 164 3759 216 3813; x_wconf 86' lang='lat' dir='ltr'>Vll.</span> <span class='ocrx_word' id='word_1_409' title='bbox 236 3763 305 3821; x_wconf 72' lang='lat' dir='ltr'>tati:</span> <span class='ocrx_word' id='word_1_410' title='bbox 326 3759 417 3831; x_wconf 79' lang='grc' dir='ltr'><strong><em>ἔρωτα</em></strong></span> <span class='ocrx_word' id='word_1_411' title='bbox 437 3760 475 3828; x_wconf 83' lang='grc' dir='ltr'>μὴ</span> <span class='ocrx_word' id='word_1_412' title='bbox 491 3760 562 3814; x_wconf 75' lang='grc' dir='ltr'><strong><em>εἶναι</em></strong></span> <span class='ocrx_word' id='word_1_413' title='bbox 579 3779 673 3815; x_wconf 78' lang='lat' dir='ltr'>auvav-</span> 
     </span>
     <span class='ocr_line' id='line_1_77' title="bbox 163 3822 672 3899; baseline 0.004 -18"><span class='ocrx_word' id='word_1_414' title='bbox 163 3834 232 3894; x_wconf 64' lang='grc' dir='ltr'><strong><em>σίας,</em></strong></span> <span class='ocrx_word' id='word_1_415' title='bbox 241 3822 310 3881; x_wconf 76' lang='grc' dir='ltr'>ἀλλὰ</span> <span class='ocrx_word' id='word_1_416' title='bbox 319 3827 417 3899; x_wconf 66' lang='grc' dir='ltr'>φιλίας.</span> <span class='ocrx_word' id='word_1_417' title='bbox 428 3830 455 3884; x_wconf 87' lang='lat' dir='ltr'>S.</span> <span class='ocrx_word' id='word_1_418' title='bbox 464 3847 487 3884; x_wconf 86' lang='lat' dir='ltr'>z.</span> <span class='ocrx_word' id='word_1_419' title='bbox 497 3831 513 3899; x_wconf 63' lang='grc' dir='ltr'><strong>ξ</strong></span> <span class='ocrx_word' id='word_1_420' title='bbox 522 3833 568 3884; x_wconf 76' lang='lat' dir='ltr'>tt:</span> <span class='ocrx_word' id='word_1_421' title='bbox 580 3831 672 3883; x_wconf 82' lang='lat' dir='ltr'><strong>Stoici.</strong></span> 
     </span>
    </p>
   </div>
   <div class='ocr_carea' id='block_1_16' title="bbox 723 3764 1236 3897">
    <p class='ocr_par' dir='ltr' id='par_1_31' title="bbox 723 3764 1236 3897">
     <span class='ocr_line' id='line_1_78' title="bbox 759 3764 1236 3830; baseline 0.004 -14"><span class='ocrx_word' id='word_1_422' title='bbox 759 3767 799 3816; x_wconf 87' lang='lat' dir='ltr'>l&#39;l.</span> <span class='ocrx_word' id='word_1_423' title='bbox 820 3764 959 3815; x_wconf 76' lang='lat' dir='ltr'>muliebria</span> <span class='ocrx_word' id='word_1_424' title='bbox 975 3778 1095 3830; x_wconf 80' lang='lat' dir='ltr'>amarae,</span> <span class='ocrx_word' id='word_1_425' title='bbox 1120 3764 1177 3818; x_wconf 88' lang='lat' dir='ltr'>hier</span> <span class='ocrx_word' id='word_1_426' title='bbox 1197 3764 1236 3818; x_wconf 77' lang='lat' dir='ltr'>idr</span> 
     </span>
     <span class='ocr_line' id='line_1_79' title="bbox 723 3830 1236 3897; baseline 0.006 -15"><span class='ocrx_word' id='word_1_427' title='bbox 723 3830 840 3885; x_wconf 73' lang='lat' dir='ltr'>(lenden.</span> <span class='ocrx_word' id='word_1_428' title='bbox 850 3832 955 3897; x_wconf 85' lang='lat' dir='ltr'>object,</span> <span class='ocrx_word' id='word_1_429' title='bbox 966 3832 1016 3885; x_wconf 84' lang='lat' dir='ltr'>wie</span> <span class='ocrx_word' id='word_1_430' title='bbox 1024 3831 1079 3885; x_wconf 83' lang='lat' dir='ltr'>liv.</span> <span class='ocrx_word' id='word_1_431' title='bbox 1087 3832 1108 3886; x_wconf 89' lang='lat'>1.</span> <span class='ocrx_word' id='word_1_432' title='bbox 1118 3836 1151 3887; x_wconf 80' lang='lat'>5¹1</span> <span class='ocrx_word' id='word_1_433' title='bbox 1162 3838 1236 3888; x_wconf 74' lang='lat' dir='ltr'>extr:</span> 
     </span>
    </p>
   </div>
   <div class='ocr_carea' id='block_1_17' title="bbox 0 0 1290 4410">
    <p class='ocr_par' dir='ltr' id='par_1_32' title="bbox 0 0 1290 4410">
     <span class='ocr_line' id='line_1_80' title="bbox 0 0 1290 4410; baseline 0 0"><span class='ocrx_word' id='word_1_434' title='bbox 0 0 1290 4410; x_wconf 95' lang='lat' dir='ltr'> </span> 
     </span>
    </p>
   </div>
  </div>
 </body>
</html>
