2550 4410
459 191 553 244 uasa
570 193 608 245 ru.
628 195 668 260 aa,
678 189 771 248 4143.
1109 193 1149 252 29

76 365 136 426 sive
160 383 235 443 quae
256 364 328 425 aliae
350 365 514 444 voluptates
540 365 654 425 intuto
682 365 803 425 homine
824 364 990 444 gignuntur
1018 367 1150 443 quolibet

77 469 184 524 sensu3
207 468 263 510 neo
282 468 352 510 uero
375 450 413 510 ita
436 450 493 511 dioi
514 459 621 529 potest,
642 450 751 510 mentis
770 449 909 510 laetitiam
925 450 1018 511 solam
1033 470 1098 512 esse
1119 452 1149 512 in
1234 524 1251 534 Ι,

76 533 175 594 bonis.
205 534 376 596 Laetantem
392 535 471 595 enim
494 545 624 595 mentem
645 535 686 596 ita
701 534 786 607 novi,
809 554 862 613 spe
884 553 987 594 eorum
1009 537 1150 609 omnium,

79 637 155 697 quae
170 638 259 698 supra
275 619 343 692 dixi,
361 621 425 680 fore
439 630 473 680 ut
488 630 593 680 natura
608 620 643 680 iis
657 620 776 699 potiens
791 619 893 681 dolore
907 611 1024 680 eareat'
1056 625 1152 700 Atque
1173 628 1204 681 11

30 704 58 763 ³⁶
78 704 154 764 haee
169 703 286 781 quidem
302 704 348 765 bis
362 705 469 778 verbis,
485 705 579 781 quivis
593 714 627 765 ut
638 704 789 782 intellegat
801 704 1080 783 quamuuupuum
1097 724 1151 766 no·

78 789 119 848 rit
129 787 284 868 Epicurus.
312 790 423 850 Deinde
438 789 526 868 paulo
540 789 633 850 inlra:
647 782 657 806 ‘
669 789 762 868 Saepe
774 779 923 867 quaesivi'‘
935 789 1034 867 inquit
1045 782 1095 850 ‘ex
1106 791 1151 862 iis,

79 873 130 952 qui
146 873 371 952 appellabantur
385 870 544 953 sapientes,
561 874 630 952 quid
646 874 800 948 haberent,
818 873 897 952 quod
910 874 944 934 in
960 874 1047 934 bonis
1061 874 1152 935 relin-

78 967 217 1036 querent,
233 959 257 1018 si
273 959 321 1018 illa
337 959 541 1032 detraxissent,
560 959 616 1020 uisi
632 960 656 1020 si
672 959 781 1020 vellent
794 976 881 1019 voees
890 958 994 1020 'inanis
1009 959 1151 1033 fundere;

80 1042 155 1102 nihil
176 1042 212 1102 ab
234 1043 270 1104 iis
290 1043 374 1123 potui
395 1061 584 1122 cognoscere.
620 1043 677 1114 Qui
693 1044 717 1104 si
732 1043 855 1104 virtutes
869 1043 994 1104 ebullire
1008 1043 1109 1105 volent
1123 1055 1154 1105 et

30 1130 57 1190 16
79 1127 255 1204 sapientias,
278 1128 350 1189 nihil
365 1128 442 1189 aliud
458 1128 557 1188 dicent
573 1128 630 1189 nisi
645 1129 815 1200 eamdam,
837 1147 896 1206 qua
910 1129 1084 1188 ‘alliciantur
1103 1148 1153 1189 eae

78 1210 261 1290 voluptates,
283 1231 355 1291 quas
370 1231 459 1292 supra
475 1203 556 1273 diri.²
589 1213 672 1284 Quae
686 1224 854 1291 sequuntur
868 1214 898 1274 in
915 1213 1017 1274 eadem
1031 1223 1153 1274 santen-

80 1296 122 1356 tia
138 1306 222 1369 sunt,
244 1306 384 1376 totusque
399 1297 482 1370 liber,
500 1300 551 1376 qui
566 1308 612 1359 est
625 1299 662 1358 de
676 1316 792 1359 summo
808 1298 902 1370 bono,
922 1299 1050 1359 refertus
1065 1308 1110 1358 ast
1125 1307 1154 1358 et

82 1381 180 1441 verbis
195 1391 224 1442 et
239 1382 394 1443 sententiis
408 1382 525 1445 talibus.
556 1383 600 1443 nd
615 1383 742 1444 hancine
758 1383 846 1462 igitur
860 1384 949 1443 vitam
964 1382 1156 1443 Telamonem
1176 1389 1206 1438 4³

80 1465 165 1525 illum
185 1467 351 1540 revocabis,
372 1478 404 1527 ut
418 1468 496 1528 leves
510 1467 739 1545 aegritudinem,
760 1476 804 1541 et,
827 1469 851 1528 si
867 1485 955 1545 quem
969 1472 1092 1528 tuorum
1104 1468 1156 1528 ad·

30 1560 58 1613 16
79 1549 195 1611 ssiotum
209 1569 344 1612 maerore
358 1553 474 1625 videris,
490 1553 560 1614 huie
577 1552 909 1631 acupenserem'potius
923 1570 1012 1630 quam
1028 1553 1154 1631 aliquem

83 1635 268 1696 Socraticum
290 1636 422 1698 libellum
443 1637 539 1709 dabis,
561 1637 697 1717 hydrauli
719 1635 875 1697 hortabere
897 1648 930 1697 ut
952 1637 1050 1698 audiat
1068 1654 1156 1698 voees

81 1721 281 1798 potiusquam
295 1721 435 1793 Platonis,
452 1740 583 1800 expones
595 1740 670 1800 quae
681 1730 796 1799 spectet
806 1721 911 1781 llorida
921 1731 952 1781 et
964 1722 1054 1793 uaria,
1070 1721 1156 1782 lasei-

82 1806 183 1865 uulum
204 1807 239 1866 ad
261 1807 342 1866 naris
362 1807 546 1880 admovebis,
566 1805 709 1867 incendes
731 1807 853 1878 odores,
875 1815 906 1866 et
924 1806 1010 1866 sertis
1025 1805 1157 1866 redimiri

82 1888 200 1950 iubebis
225 1901 254 1950 et
279 1889 370 1952 rosa?
398 1891 429 1952 Si
453 1910 523 1953 vero
548 1890 658 1969 aliquid
683 1889 771 1950 etiam
782 1923 834 1964 -,
856 1899 920 1951 tum
940 1889 1028 1969 plane
1043 1891 1157 1951 luctum

30 1980 60 2031 20
82 1992 203 2034 omnem
218 1975 399 2037 absterseris.

119 2161 143 2211 2.
161 2159 258 2224 solam,
282 2174 349 2225 erga
372 2160 424 2211 und
443 2158 514 2212 nieht
532 2159 596 2212 auch
647 2150 766 2211 werlen'.
796 2158 832 2211 So
844 2158 876 2210 de
893 2157 937 2211 fin.
950 2158 981 2214 V.
995 2163 1036 2224 27,
1047 2162 1093 2214 80:
1110 2161 1160 2211 Di-

82 2226 126 2279 die
151 2225 311 2291 kerperliehe
332 2228 406 2287 Lust3
430 2245 530 2278 εοεαε
546 2244 598 2280 uu-
646 2227 1159 2293 emtdpieunu‚smperoeaeumme

81 2295 240 2345 meandum
257 2311 318 2346 aare.
646 2297 803 2360 eapientem,
819 2323 852 2332 —
871 2296 944 2360 quod
962 2296 1071 2361 quddam
1091 2297 1161 2348 solet

119 2365 144 2415 3.
162 2360 213 2413 llas
234 2363 446 2429 restringierende
467 2366 508 2414 ita
531 2365 596 2416 naeh
648 2364 759 2413 ebullire
776 2378 831 2412 non
848 2378 1001 2426 numquam.

84 2431 228 2481 laetantem
252 2431 328 2482 weist
348 2430 393 2483 aul
408 2431 454 2482 das
472 2431 534 2497 lolg.
552 2448 598 2498 spe
684 2433 724 2483 12.
743 2435 874 2495 totusque,
891 2430 943 2480 wie
958 2430 977 2482 l.
1000 2433 1041 2495 31,
1065 2434 1100 2485 82
1116 2432 1161 2483 ab·

84 2500 599 2619 illumulel”llmlalll⁶a{ll⁷lalll
649 2496 1161 2632 1666118811616111

83 2630 256 2685 Definitioueu
275 2650 295 2686 s.
307 2649 339 2685 un
353 2637 376 2697 5,
391 2638 434 2687 11:
453 2635 600 2686 ulciscenda·
686 2602 1026 2700 15.'aeupenm,’dame
1036 2604 1107 2686 einel
1119 2634 1162 2687 bei

84 2701 178 2752 libide.
650 2701 699 2753 den
717 2701 838 2754 Romen·
850 2702 877 2754 ln
897 2701 1012 2757 uoueret
1029 2703 1086 2755 Zelt
1102 2704 1162 2755 sehr

117 2772 142 2820 4.
156 2766 217 2829 fore
231 2775 399 2820 ut-eureat
415 2769 531 2822 schlielst
542 2771 597 2822 sich
649 2770 815 2836 geschituten
841 2768 998 2832 Secheebeu
1030 2771 1162 2824 viellelebt

82 2853 117 2888 an
135 2852 182 2902 ape
198 2851 243 2900 an,
263 2836 298 2887 ist
316 2836 371 2888 also
389 2836 431 2888 die
448 2837 598 2904 Epexegese
649 2837 693 2889 der
711 2837 779 2890 Stdr.

81 2920 137 2956 uon
154 2919 247 2955 eorum
264 2907 383 2955 omnium
396 2911 444 2960 eet.
685 2908 725 2958 16.
749 2907 886 2974 hydrauli.
921 2904 968 2959 ute
984 2904 1162 2972 Waaserorgel

127 2975 151 3024 5.
174 2975 250 3022 norit
266 2997 300 3017 =
322 2974 470 3039 intellegat.
507 2973 542 3026 So
566 2973 598 3026 de
648 2974 738 3026 wurde
755 2989 807 3026 von
825 2975 883 3026 dem
900 2973 1066 3027 Meebaullrer
1083 2974 1164 3026 Ctesi·

82 3039 130 3092 fin.
140 3039 168 3091 ll.
178 3041 202 3102 3,
213 3041 241 3091 8:
254 3042 342 3090 verbu
353 3044 395 3092 bis
407 3044 517 3093 eoadem
529 3048 599 3093 certe
648 3041 707 3094 bius
718 3055 765 3094 aua
776 3042 930 3094 Alexandria
944 3059 986 3095 nm
1002 3046 1050 3096 t4o
1067 3057 1092 3092 r.
1104 3041 1163 3094 Gbr.

83 3111 142 3159 uim
173 3108 318 3173 voluptatis
344 3110 494 3177 Epicurum
522 3126 598 3161 nosse
649 3109 773 3161 erluuden
795 3110 847 3162 und
870 3125 922 3162 von
939 3111 1037 3162 aeinem
1055 3107 1163 3161 Sebdler

84 3191 167 3242 quam
185 3181 293 3227 aeterua.
650 3176 734 3229 lleron
752 3178 929 3230 besebrieben.

120 3245 146 3296 8.
163 3260 238 3295 voees
255 3247 345 3295 inania
364 3243 487 3309 fundere,
504 3246 599 3312 grieob.
686 3247 727 3297 l'l.
744 3243 905 3305 fuseleulum
922 3260 958 3296 se.
975 3247 1082 3308 florum.

83 3307 152 3362 md
169 3311 360 3382 φθέγγεσθαις
377 3313 408 3366 V.
422 3316 463 3375 26,
477 3317 522 3367 73:
540 3318 600 3366 ina·
686 3314 725 3366 18.
744 3313 839 3364 odam
856 3312 974 3375 (effeetus
991 3329 1016 3380 p.
1030 3313 1116 3374 eausa)
1129 3332 1164 3353 ε

82 3382 128 3429 nis
151 3395 230 3431 sonas
246 3377 373 3442 sunder03
400 3381 432 3433 de
449 3381 493 3433 lin.
511 3382 539 3434 ll.
560 3386 599 3436 15.
650 3379 814 3445 euffimmta,
832 3381 883 3431 wie
894 3378 925 3431 V.
944 3383 986 3444 21,
1004 3381 1049 3439 62;
1067 3383 1094 3428 et
1109 3395 1165 3428 aer-

84 3449 133 3499 48:
159 3463 221 3498 ooee
242 3450 321 3498 inani
337 3464 447 3511 eonare3
470 3449 502 3502 de
527 3466 563 3503 or.
581 3451 599 3502 l.
651 3450 686 3498 tis
703 3476 737 3485 —
753 3464 816 3499 rosa
834 3449 935 3499 seheint
951 3448 993 3498 ein
1007 3446 1165 3510 jambiseber

85 3517 129 3580 12,
148 3518 193 3568 51:
214 3517 355 3566 verborum
378 3519 420 3568 vel
436 3521 599 3584 optimorum
651 3514 732 3567 Senar
749 3531 781 3566 zu
799 3516 862 3566 sein.

83 3611 120 3620 —
137 3586 241 3633 sonitus
257 3585 356 3635 inania
683 3586 724 3636 19.
735 3585 760 3633 εἰ
770 3599 833 3634 uero
845 3583 950 3648 aliquid
959 3585 1041 3632 etium
1048 3581 1168 3648 -‚Apo-

121 3652 147 3702 9.
159 3654 272 3701 virtutes
289 3651 402 3701 ebullire
416 3655 598 3718 etaapientiae
650 3651 767 3718 siupesis,
785 3651 810 3701 in
828 3649 916 3715 Bezug
933 3649 979 3702 aul
994 3649 1036 3701 die
1053 3643 1167 3720 ἀφροδί-

78 3709 144 3769 ‘den
156 3716 235 3769 blond
247 3718 411 3770 vollnebmen
427 3720 475 3771 mit
485 3719 599 3773 Redene·
650 3735 697 3770 σια
714 3718 776 3784 (agl.
794 3720 810 3782 ξ
828 3721 885 3782 11);
904 3719 945 3782 20,
957 3720 990 3770 16
1006 3717 1076 3769 steht
1092 3718 1167 3771 delur

83 3791 159 3849 arten
182 3801 234 3837 von
258 3784 367 3852 'l'ugend
389 3786 442 3838 und
461 3784 597 3840 Weiebeit’
651 3802 794 3852 corporum
806 3786 981 3852 complexum.
1005 3783 1052 3837 blit
1067 3788 1168 3839 aem

84 3852 150 3906 oder
164 3845 223 3904 ‘mit
241 3853 414 3906 Redeuearten
431 3883 467 3893 -
483 3871 527 3907 um
545 3855 600 3907 sieb
650 3857 720 3905 saris
736 3854 789 3920 vgl.
807 3854 879 3918 l.13‚
897 3857 944 3907 30:
961 3853 1110 3907 sustuleris.
