2550 4410
131 155 170 212 38
428 156 522 209 uraca
539 157 577 211 ru.
596 160 687 220 anes.
698 160 739 211 aa.
757 158 848 224 naso.

131 328 222 389 otium
246 331 373 408 negotiis
397 330 523 409 publicis
545 330 756 401 antetuleruut,
784 330 961 391 nominatim
986 330 1048 391 vita
1071 332 1206 401 laudatur,

130 432 187 474 nec
198 414 301 475 siletur
316 416 386 476 illud
402 415 597 495 potentissimi
613 415 691 494 regis
706 425 907 493 anapaestum,
923 415 978 494 qui
993 416 1101 477 laudat
1114 436 1205 479 sonem

130 509 159 559 et
181 500 364 561 fortunatum
389 522 452 563 esse
475 501 561 571 dicit,
584 501 663 578 qxtod
680 500 824 579 inglorius
839 501 876 561 sit
897 511 989 579 atque
1012 501 1156 581 ignobilis
1174 504 1203 563 ad

76 598 105 648 58
128 604 298 664 supremum
322 586 400 647 diem
422 595 629 665 peruenturus.
660 586 802 647 Similiter
819 588 1096 649 commemorandis
1115 608 1203 649 exem·

128 670 185 749 plis
207 672 348 733 orbitates
371 691 489 750 ‹puoqxte
505 671 630 732 liberum
647 671 855 749 praedicantur
870 690 1057 751 eorumque,
1081 675 1133 751 qui
1147 683 1230 754 gra-t

128 756 190 816 vius
214 759 329 828 lertint,
352 758 448 817 luctus
475 757 598 817 aliorum
622 757 762 836 exemplis
785 756 954 829 leniuntur;
986 758 1031 818 sic
1056 761 1201 838 perpessio

128 851 294 902 ceterorum
309 844 377 902 lacit
389 853 420 902 ιιι
433 861 475 913 ea,
489 860 564 919 quae
576 842 745 914 acciderint,
758 842 851 902 multo
862 842 980 902 minora
993 861 1088 921 quam
1103 854 1201 923 quanta

127 927 187 986 sint
206 928 366 988 existimata
387 927 551 988 videantur.
586 927 628 986 lta
645 928 813 999 etsensim,
834 926 1037 1006 cogitantibus
1063 938 1097 989 ιιι
1117 949 1200 1008 quan·

128 1022 188 1071 tum
204 1013 240 1072 sit
255 1013 395 1072 ementita
411 1013 513 1091 <plinio
530 1023 677 1091 appareat.
704 1012 800 1091 Atqrte
816 1013 872 1072 hoc
887 1012 965 1072 idem
982 1022 1013 1073 et
1025 1013 1151 1076 Telamo
1160 1015 1200 1076 ille

126 1096 269 1157 declarat:
347 1162 353 1178 ¹
1215 1107 1235 1157 lt

332 1183 388 1261 Epo
404 1202 468 1243 crem
482 1187 570 1260 penui
580 1216 621 1226 —

126 1277 155 1326 et
171 1266 318 1327 Theseus:

330 1353 458 1414 Fntnlros
472 1372 582 1413 mentm
597 1351 810 1413 commentabar
823 1355 961 1420 miserias,

126 1446 154 1496 et
176 1438 378 1515 Anaxagoras:
402 1438 530 1499 Sciebam
544 1457 589 1498 me
610 1442 740 1515 pennlsse
754 1436 912 1497 mortalem.
944 1436 981 1497 Hi
999 1439 1198 1500 enimomnes

125 1521 175 1581 diu
196 1522 359 1599 cogitantes
382 1525 416 1584 de
440 1524 528 1583 rebus
550 1522 686 1583 humanis
708 1520 919 1600 intellegebant
940 1540 991 1583 eas
1014 1532 1235 1603 nequaquamtt

124 1625 179 1684 pro
202 1609 343 1686 opinione
360 1610 434 1687 volgi
451 1628 513 1669 esso
529 1608 772 1669 extimescendas.
810 1606 846 1666 Et
863 1606 933 1666 mihi
949 1607 1074 1685 quidem
1091 1611 1198 1671 videtur

123 1692 200 1753 idem
224 1695 285 1754 lero
308 1695 440 1755 accidere
462 1695 513 1763 iis,
537 1694 586 1772 quii
609 1703 677 1753 ante
700 1692 890 1760 meditantur,
914 1693 994 1770 quod
1018 1693 1071 1764 iis,
1096 1696 1198 1773 quibtu

124 1780 257 1840 medetur
269 1780 340 1851 dies,
356 1781 410 1840 nisi
423 1779 500 1857 qtrod
515 1780 589 1838 ratio
601 1778 743 1856 quaedam
756 1786 840 1838 sanat
850 1776 925 1849 illos,
940 1778 995 1838 lios
1008 1778 1075 1857 ipsa
1088 1789 1197 1847 natura.

124 1863 273 1925 intellecto
294 1884 344 1937 eo,
368 1867 445 1943 quod
463 1884 525 1924 rem
547 1864 691 1935 continet,
714 1862 784 1923 illud
800 1862 924 1934 malum,
946 1865 1028 1940 quod
1045 1866 1196 1944 opinatum

124 1948 162 2009 sit
183 1969 246 2011 esse
269 1969 453 2021 maxumum,
478 1967 663 2028 nequaquam
686 1967 749 2009 esse
771 1958 900 2018 tantum,
923 1956 957 2007 ut
976 1949 1068 2010 vitam
1087 1951 1233 2012 beatamtt

71 2037 100 2090 m
124 2035 217 2112 possit
233 2045 374 2094 evertere.
413 2035 475 2094 lloc
492 2035 582 2112 igitur
597 2034 732 2104 efficitur,
749 2042 781 2093 ut
796 2051 832 2092 ex
847 2032 897 2092 illo
913 2034 1100 2112 necopinato
1116 2038 1195 2117 plaga

123 2119 217 2178 maior
229 2119 275 2191 sit,
291 2139 363 2191 non,
379 2129 410 2178 ut
426 2119 465 2179 illi
482 2130 596 2196 putant,
613 2130 654 2191 nt,
671 2138 736 2178 cum
754 2117 870 2178 (luobus
885 2136 970 2196 pares
987 2137 1077 2181 casus
1094 2141 1196 2183 evene·

123 2203 194 2272 rint,
218 2203 242 2263 is
264 2204 352 2264 modo
376 2204 560 2281 aegritudine
583 2206 750 2275 adficiatur,
774 2204 821 2262 cui
846 2203 893 2263 ille
909 2205 1098 2283 necopinato
1115 2226 1195 2269 casua

123 2289 262 2348 evenerit.
287 2289 386 2368 ltaque
399 2291 539 2350 dicuntur
553 2309 611 2349 non
626 2289 698 2349 nulli
712 2290 741 2348 in
755 2307 897 2361 maerore,
913 2306 980 2347 cum
994 2289 1103 2352 dehac
1119 2311 1196 2355 com·

122 2374 205 2434 muni
228 2376 380 2436 hominum
404 2376 579 2436 condicione
601 2374 794 2445 audivissent,
817 2392 850 2434 ea
866 2372 930 2452 lege
947 2391 1012 2434 esse
1030 2395 1089 2439 nos
1106 2382 1234 2449 natostt

121 2468 154 2519 ut
177 2479 264 2521 nemo
287 2462 511 2541 inperpetuum
537 2480 600 2521 esse
622 2468 724 2538 posset
739 2477 845 2537 expers
860 2458 943 2531 mali,
966 2462 1089 2536 gravius
1112 2464 1196 2525 etiam

120 2546 231 2607 tulisse.

68 2639 106 2695 25
210 2632 355 2702 Quocirca
369 2632 542 2702 Carneades,
558 2642 591 2691 ut
605 2630 688 2689 video
705 2636 840 2688 nostrum
855 2626 985 2688 scribere
1002 2632 1195 2705 Antiochum,

165 2767 186 2813 1.
209 2767 367 2813 nominatim
391 2757 446 2813 ‘mit
471 2764 630 2814 Namennen-
716 2765 739 2815 9.
761 2763 867 2815 Telamo
889 2765 942 2828 ille,
961 2780 981 2815 s.
1002 2767 1044 2828 13,
1063 2767 1113 2821 28:
1135 2767 1195 2818 Tbe-

121 2823 208 2895 nung’.
681 2847 752 2882 saeta:
768 2835 808 2894 tt,
825 2835 871 2889 29;
883 2833 1082 2897 Anaoeagoraa:
1104 2839 1145 2898 ta,
1158 2838 1195 2889 ab.

155 2899 178 2947 2.
196 2896 266 2946 illud
277 2925 310 2933 -—
323 2903 510 2961 anapaestum,
525 2900 629 2962 cigentl.
718 2902 757 2951 15.
776 2901 806 2950 da
823 2903 902 2950 nebus
919 2903 1059 2966 barnonis,
1085 2904 1193 2955 namneti

120 2964 242 3027 ndjektiv
260 2965 336 3025 (donn
352 2970 540 3031 anapaesticus
558 2968 632 3017 bran·
682 2967 745 3017 siber
758 2967 803 3019 das
816 2968 994 3032 manniglache
1005 2967 1139 3036 Ungltick,
1153 2972 1195 3023 das

120 3033 183 3084 chen
210 3038 270 3099 gnte
295 3033 480 3085 Scbxiltsteller
498 3050 527 3085 so
546 3035 631 3099 wenig
682 3035 731 3085 den
750 3035 887 3088 Menachen
901 3036 991 3088 treffen
1009 3036 1089 3090 kann.

120 3102 171 3152 wie
193 3104 394 3167 pbilosopltiaas
415 3103 467 3153 und
485 3103 631 3168 philologi·
718 3106 757 3156 18.
776 3105 841 3170 dies,
860 3105 909 3155 wie
931 3106 969 3167 to,
988 3107 1030 3157 35.

120 3185 173 3232 ens,
192 3171 244 3236 vgl.
262 3171 290 3221 ll.
310 3174 349 3226 16.
368 3173 412 3222 37:
435 3174 494 3221 sins
511 3187 627 3236 anapae-
716 3174 755 3223 19.
775 3172 848 3237 palad
863 3188 920 3222 reta
938 3169 1196 3227 eontinet:‘woraul

118 3241 166 3288 stis
174 3240 303 3303 gradibus),
312 3240 542 3305 erganzeearmen.
560 3242 627 3304 Aga·
678 3239 742 3290 alles
760 3234 908 3291 aokommt‘.
932 3239 966 3293 So
976 3240 1018 3304 lV,
1033 3245 1074 3303 10,
1088 3245 1137 3296 23:
1156 3261 1193 3307 aa,

120 3323 237 3359 memnon
250 3308 395 3373 sprichtbei
409 3308 495 3375 Euxip.
507 3307 627 3375 lpbAul.
678 3324 746 3372 qaae
763 3325 820 3358 rem
840 3312 991 3369 eontirnmt3
1011 3312 1054 3366 31.
1072 3311 1123 3362 65:
1141 3328 1194 3363 aaa

120 3378 151 3428 15
162 3392 230 3443 saep:
677 3392 720 3425 res
736 3377 844 3426 uidetur
866 3393 975 3428 eausam
993 3382 1144 3430 continere.

331 3475 365 3482 -
384 3441 462 3509 Ζηλώ
482 3460 520 3504 σε,
538 3445 626 3512 γέρον.
712 3447 853 3508 opinatam
869 3449 913 3510 sit,
931 3461 952 3497 s.
962 3461 994 3497 zu
1006 3449 1046 3508 11,
1058 3448 1101 3499 24.

153 3508 233 3575 Ζηλῶ
252 3507 279 3562 δ’
307 3508 418 3582 ἀνδρῶν
435 3508 463 3564 bc
479 3505 626 3563 ἀκίνδυνον
711 3514 750 3564 21.
762 3514 816 3563 Hoc
830 3516 917 3578 ιῗὸἰιιιι·
929 3512 1007 3578 effic,
1020 3516 1144 3581 s.zul.8,
1155 3518 1193 3571 16.

150 3584 218 3631 Βίον
242 3576 383 3650 ἐξεπέρασ’
404 3576 500 3650 dygois,
523 3574 625 3642 ἀκλεής.
712 3582 753 3631 22.
771 3586 803 3630 at
819 3583 863 3631 tto·
875 3588 982 3647 premnt,
1000 3597 1021 3633 a.
1035 3584 1078 3647 22,
1089 3586 1134 3637 52.

155 3645 219 3698 Totis
237 3644 264 3697 δ’
284 3651 315 3698 ἐν
331 3653 422 3715 τιμαῖς
439 3645 525 3713 ἧσσον
543 3646 624 3712 ζηλῶ.
712 3650 752 3701 28.
773 3649 929 3712 Carneadeo,
948 3665 968 3702 s.
982 3650 1024 3713 22,
1038 3654 1080 3705 54.

157 3718 179 3767 5.
205 3719 331 3767 orbitates
363 3718 475 3768 liberam
502 3716 625 3779 (dissolbe
711 3717 1193 3786 aldemanderslll.3,5:De'ogenem

117 3781 191 3833 Form
208 3786 232 3844 9,
251 3786 292 3848 20)
306 3778 364 3836 ‘der
376 3785 479 3837 Verlusl
497 3801 546 3835 von
568 3783 627 3835 llin-
678 3789 704 3833 et
716 3785 880 3836 Carneadem
891 3786 968 3836 video
983 3815 1016 3824 -
1030 3786 1194 3840 missorem

117 3846 196 3903 dern'.
226 3850 352 3917 Beispiele
365 3852 448 3905 dieser
461 3853 519 3903 Art:
533 3855 625 3917 tato.
679 3854 794 3917 legatam
819 3856 859 3917 22,
879 3857 925 3906 50:
949 3855 1026 3906 video
1044 3861 1193 3924 atramque
