2550 4410
391 177 519 232 LIBERI.
538 182 562 244 6,
583 182 621 231 11.
1000 179 1039 240 81

40 372 92 416 sse
105 352 192 412 etiam
201 350 399 411 inexorabiles
407 351 527 426 iudices,
540 351 636 412 Minos
648 360 677 412 et
687 351 949 416 Rhadamanthus?
962 356 1039 434 apud

55 456 112 500 nec
131 445 160 498 te
175 437 208 496 L.
225 436 347 497 Crassus
362 435 501 496 desendet
517 455 572 497 nec
588 436 626 496 M.
642 435 790 498 Antonius
806 455 877 511 uec,
900 441 1040 518 quoniam

57 522 188 584 Graecos
202 521 314 582 iudices
330 537 378 581 res
394 528 506 599 agetur,
521 521 633 599 poteris
649 520 789 582 adhihere
801 521 1036 586 Demosthenen:

40 608 87 688 psi
102 625 157 685 pro
173 614 202 667 te
217 605 274 666 erit
288 605 413 665 maxima
429 623 540 666 corona
556 623 642 666 causa
658 605 791 667 dicenda.
820 606 899 668 Haec
914 609 1038 670 fortasse

40 693 71 754 iis
86 700 115 752 et
130 691 242 752 idcirco
266 699 393 750 mortem
409 708 515 751 censes
537 708 601 752 esse
624 690 838 769 sempiternum
854 691 974 754 malum.
1005 695 1037 754 Α.

40 797 84 838 »ne
100 795 147 837 me
162 776 289 836 delirare
304 793 419 848 censes,
436 784 468 835 ut
483 775 537 836 ista
553 793 617 836 esse
632 773 774 836 credam?
797 773 839 835 M.
856 777 900 837 An
916 786 949 838 tu
964 777 1037 838 haec
1054 785 1073 839 6

40 858 159 923 credis?
181 860 215 920 Α.
232 859 352 921 Minime
368 875 447 920 vero.
478 858 519 919 M.
536 859 612 920 Male
628 860 749 921 hercule
765 879 878 923 narras.
909 862 942 922 A.
959 860 1037 924 Cur?

40 967 82 1009 so.
119 944 161 1006 M.
178 945 253 1015 Quia
276 945 402 1005 disertus
425 962 489 1005 esse
512 962 645 1023 possem,
668 945 693 1006 si
709 953 812 1007 contra
828 946 882 1007 ista
898 946 1037 1008 dicerem.

40 1033 92 1092 uis
107 1030 187 1092 enim
202 1047 263 1090 non
280 1029 311 1089 in
328 1028 391 1090 eius
407 1028 485 1089 modi
501 1027 608 1091 causa?
623 1037 674 1089 aut
689 1030 760 1108 quid
777 1031 886 1110 negotii
902 1041 945 1093 est
963 1032 1036 1093 haec
1057 1045 1085 1095 11

40 1135 115 1178 irum
132 1124 160 1175 et
172 1115 321 1194 pictorum
338 1122 476 1192 portenta
491 1112 694 1176 convincere?
709 1113 751 1175 M.
768 1115 856 1195 Atqui
868 1116 953 1196 pleni
967 1117 1033 1178 lihri

55 1209 159 1261 contra
185 1200 239 1260 ista
266 1199 328 1277 ipsa
354 1198 563 1260 disserentium
585 1199 841 1278 philosophorum.
874 1203 907 1262 t.
931 1202 1035 1282 Inepte

72 1284 145 1356 Quis
160 1284 240 1345 enim
257 1292 301 1345 est
316 1290 375 1344 tam
389 1301 493 1345 excors
508 1302 596 1362 quem
612 1284 666 1346 ista
684 1283 843 1346 moveant?
859 1285 901 1346 M.
918 1286 949 1348 Si
964 1305 1035 1366 ergo

52 1371 165 1431 inferos
179 1369 279 1430 miseri
296 1386 356 1428 non
373 1377 461 1441 sunt,
479 1387 517 1431 uc
532 1378 602 1430 sunt
619 1369 736 1448 quidem
753 1369 829 1449 apud
845 1369 958 1432 inferos
973 1371 1033 1432 ulii.

40 1473 191 1533 aprorsus
203 1453 347 1515 existimo.
379 1453 420 1512 M.
437 1452 493 1513 Uhi
509 1462 579 1515 sunt
591 1471 662 1533 ergo
680 1454 709 1526 ii,
725 1473 800 1533 quos
815 1456 941 1517 miseros
952 1455 1033 1529 dicis,

40 1556 125 1615 quern
145 1539 242 1599 locum
264 1535 422 1598 incolunt?
452 1538 484 1599 Si
505 1539 584 1599 enim
605 1546 691 1612 suut,
717 1558 863 1618 nusquam
886 1559 951 1603 esse
973 1560 1033 1602 non

40 1633 97 1682 ant.
126 1623 158 1683 t.
181 1623 245 1701 Ego
268 1640 337 1683 vero
360 1640 507 1700 nusquam
531 1642 595 1684 esse
617 1623 683 1683 illos
704 1632 787 1702 puto.
818 1625 859 1685 M.
883 1625 1035 1705 igiturne

42 1706 184 1785 quidem?
200 1710 232 1768 A.
249 1709 376 1768 Prorsus
391 1707 446 1767 isto
463 1708 568 1782 modo,
593 1716 736 1768 ettamen
753 1709 876 1771 miseros
892 1710 929 1770 oh
946 1710 973 1770 id
990 1711 1035 1789 ip-

40 1888 75 1924 us.
112 1873 148 1936 (C.
167 1873 291 1938 LuciliuS,
310 1875 368 1940 geh.
387 1873 470 1925 wahr-
557 1877 580 1926 6.
606 1874 675 1938 Quia
694 1874 809 1925 disemus
830 1879 878 1927 cet.
897 1867 969 1927 ‘weil
994 1876 1034 1928 ich

40 1941 470 2005 dich180,hatteunterseiuem
521 1942 605 1993 moine
648 1940 817 1994 dialektische
856 1941 1034 1995 Gewandtheit

40 2007 71 2060 de
84 2008 171 2076 Scipio
184 2008 262 2060 Afric.
274 2025 321 2060 ror
333 2009 469 2061 Numantia
521 2011 611 2076 zeigen
630 2002 748 2062 honute'.
775 2009 837 2062 Deis
854 2011 902 2062 mit
920 2010 1034 2062 disertae

40 2081 67 2139 rt,
86 2077 187 2128 schrieh
206 2076 351 2129 30Bi1eher
368 2080 471 2128 satirae
521 2077 578 2129 eine
603 2077 643 2129 ihr
663 2077 708 2130 das
726 2079 848 2145 populare
866 2078 1033 2133 Verstindois

40 2144 89 2195 arh
104 2147 152 2196 103
166 2161 191 2198 v.
207 2145 281 2208 Cha).
299 2145 326 2196 in
341 2145 470 2213 Sisyphus
521 2145 638 2198 iaisliche
655 2146 708 2198 und
725 2146 922 2213 hberzeugende
935 2146 1034 2200 Godan-

40 2228 116 2264 sazu
128 2211 262 2273 elidiereu3
280 2213 332 2279 egi.
347 2212 414 2265 Orat.
428 2216 470 2278 48,
521 2212 766 2281 keuentwichelung
774 2215 925 2268 bezeichnet
937 2216 1032 2280 werde,

40 2281 241 2332 'tanoneratea
253 2281 469 2342 offensioinoen
520 2282 582 2347 geht
599 2297 646 2334 aus
664 2283 715 2335 Cic.
734 2282 765 2334 de
784 2299 819 2335 or.
837 2284 856 2336 1.
872 2286 913 2349 21,
926 2288 959 2336 91
978 2285 1033 2336 her-

62 2364 141 2413 quam
159 2364 232 2399 nune
247 2347 361 2413 fugiunt
373 2352 469 2414 poetae
520 2365 578 2401 ror:
597 2350 692 2416 Itaque
705 2378 739 2388 —
753 2354 851 2417 scripsi
867 2355 947 2402 etiam
964 2352 1035 2403 illud

54 2417 96 2466 Ma
114 2419 184 2467 enim
202 2417 390 2482 loquebamur:
409 2417 470 2480 Qui
521 2418 636 2482 quodam
659 2422 688 2468 in
714 2419 801 2469 libello
826 2421 872 2482 (or.
891 2423 916 2484 5,
935 2422 976 2483 18)
999 2448 1034 2459 -

40 2486 182 2535 omnibu’
210 2488 386 2551 princepe,
414 2500 469 2534 non
520 2485 634 2534 disertos
657 2500 784 2549 cognosse
806 2487 1033 2552 mamanibus,

40 2551 106 2601 ibus
125 2555 298 2618 princeps,
325 2558 362 2615 et,
386 2551 414 2602 V
416 2555 469 2602 ita
520 2552 683 2617 eloquentem
701 2553 944 2614 adbucnominem‚
962 2554 1035 2617 quod

40 2617 469 2685 bignu’loeoquenondig-
520 2635 579 2669 eum
616 2621 764 2670 statuebam
804 2620 946 2686 disertum,
987 2625 1034 2685 qui

40 2684 119 2738 —So
134 2688 371 2754 9‚18heiAob'ue;
387 2690 425 2752 15,
436 2689 469 2739 34
517 2691 609 2753 poseat
628 2689 695 2738 eatis
716 2691 795 2738 aetate
816 2693 895 2754 atque
916 2689 1033 2739 dilucide

40 2757 143 2818 uaginis
160 2756 211 2807 und
229 2759 311 2820 cioca,
329 2772 354 2807 u.
373 2755 446 2808 diter.
520 2755 594 2821 apud
612 2756 756 2808 mediocria
774 2758 894 2807 homines
911 2773 947 2808 ecc
964 2772 1032 2808 com-

40 2821 61 2873 b.
82 2821 192 2874 Crassus
213 2853 248 2860 —
269 2824 304 2874 M.
322 2825 466 2887 Antonius,
519 2825 597 2874 muni
613 2825 730 2890 quadam
752 2828 879 2890 opinione
896 2826 1032 2877 bominum

40 2905 61 2940 en
78 2905 109 2941 zu
124 2892 148 2955 3,
162 2896 185 2943 5.
220 2890 247 2941 ln
265 2891 310 2943 der
322 2890 418 2943 Schriit
436 2893 467 2942 de
521 2891 616 2943 dicere¹
652 2892 703 2944 Gic.
726 2893 798 2944 leitei
822 2893 868 2944 das
886 2892 960 2946 Wort
981 2910 1032 2946 rou

40 2973 64 3007 »e
81 2956 141 3010 laist
154 2958 242 3010 Cicero
260 2960 297 3011 sie
315 2959 390 3011 heide
404 2959 468 3011 soher
520 2960 649 3010 disserere
666 2960 706 3024 ab,
724 2960 777 3026 rgl.
795 2959 827 3012 de
840 2976 876 3012 or.
888 2961 906 3014 1.
920 2964 961 3025 56,
974 2964 1032 3015 140.

40 3025 205 3078 credsamheit
222 3025 387 3093 disputieren.
553 3030 578 3080 9.
596 3027 662 3090 Quia
674 3031 744 3079 enim
762 3031 811 3082 cet.
846 3027 904 3079 Man
923 3031 1031 3094 ergiuze

41 3095 124 3211 nimi
142 3108 197 3145 was
204 3094 252 3213 lilqh
264 3095 400 3212 sageloder
412 3109 467 3212 wis
518 3110 568 3212 iim}
583 3094 926 3215 ἀὲῗεοξὸΨβἙιιιΡαςίἱσ
943 3097 1030 3150 eredo.

40 3175 157 3212 uwaren
174 3177 203 3215 so
236 3177 467 3223 ενοι-,6.
570 3202 576 3214 .
695 3184 700 3214 :
794 3180 812 3213 n
841 3181 919 3216 enam.

40 3201 257 3281 :ueracibus
432 3177 449 3228 g
542 3177 593 3282 g13.
611 3202 852 3297 necantquidem.
879 3231 1032 3299 Ne-qui-
1160 3258 1164 3265 ·

40 3297 248 3362 Demosthenen,
278 3298 329 3349 wie
355 3301 396 3362 10,
421 3299 465 3349 21:
518 3299 576 3349 dem
592 3297 648 3350 hier
665 3299 718 3351 und
736 3301 794 3353 sehr
812 3299 858 3363 ost,
876 3316 898 3354 z.
912 3300 1029 3366 u.§12;
1136 3301 1139 3304 ’

40 3370 136 3426 craten,
155 3365 206 3417 und
218 3367 362 3430 uberhaupt
374 3365 412 3418 oit
424 3365 466 3417 hei
518 3370 542 3428 1,
556 3368 589 3417 14
601 3370 677 3427 extr.;
697 3370 738 3433 20,
750 3372 794 3429 16;
814 3369 856 3432 13,
869 3371 902 3420 53
919 3367 972 3420 und
985 3372 1029 3426 51;

47 3447 133 3498 propr.
159 3432 203 3484 der
226 3437 250 3485 3.
267 3432 340 3485 uelat.
365 3433 411 3484 aus
426 3450 464 3494 es;
518 3436 559 3497 25,
573 3436 613 3498 63,
631 3434 702 3486 nicht
720 3435 858 3503 steigerud
878 3435 1030 3488 sondern=

40 3516 72 3550 ua
91 3516 190 3552 corona
208 3502 243 3553 ist
259 3501 318 3552 Ahl.
336 3502 391 3553 ahs.
518 3502 598 3563 „auch
617 3502 713 3554 uicht“.
753 3504 825 3556 Brut.
848 3506 889 3568 51,
909 3505 971 3555 199:
996 3502 1030 3551 It-

40 3567 105 3618 Male
127 3586 239 3634 narras,
263 3569 298 3620 im
323 3568 465 3636 Sprachge⁴
516 3570 576 3635 lud,
601 3571 673 3635 quod
693 3574 795 3638 populo
817 3586 873 3621 non
888 3571 1029 3636 probatur,

40 3649 65 3684 re
82 3634 127 3688 des
144 3639 278 3703 gemeinen
295 3637 396 3689 hebens
413 3637 464 3688 und
515 3653 549 3686 ne
573 3639 740 3703 intellegenti
768 3637 874 3705 quidem
908 3637 1030 3688 auditori

40 3702 141 3756 tmbdie:
156 3699 214 3758 ‘das
223 3707 258 3758 ist
270 3705 318 3756 mir
329 3705 400 3756 nicht
412 3705 464 3757 lieh
512 3708 628 3770 probari
642 3710 738 3771 potest.

40 3763 104 3823 ren'.
141 3773 175 3826 So
194 3773 258 3825 auch
277 3775 341 3823 bene
357 3789 465 3838 sperare
552 3776 591 3825 16.
608 3789 680 3838 uero,
698 3788 718 3825 s.
735 3775 874 3838 1111125.

51 3833 162 3906 hoffen',
181 3844 278 3908 optime
289 3843 390 3892 sentire
402 3858 427 3894 u.
440 3857 463 3893 a.
549 3841 648 3906 Igitur,
666 3855 687 3894 s.
706 3856 738 3894 zu
757 3845 781 3908 2,
794 3846 818 3894 1.
