2550 4410
358 213 452 267 LIBER
469 213 488 271 Ι,
506 217 548 281 m,
566 217 674 269 56-58.
1007 217 1047 278 63

46 395 154 448 natura
169 395 305 465 putarem
326 386 455 448 bominis
474 386 561 448 vitam
577 388 735 448 sustentari
752 406 838 466 quam
854 388 936 462 vitis,
959 408 1047 468 quam

39 472 104 548 tris3
122 472 196 532 baec
211 471 291 532 enim
306 472 394 532 etiam
409 471 534 533 dicimus
548 473 654 533 vivere.
684 473 775 547 Item,
797 474 821 535 si
837 473 910 534 nibil
924 474 1048 536 baberet

39 575 90 619 aus
104 556 233 618 bominis
248 556 306 618 nisi
320 565 354 617 ut
368 565 522 636 appeteret
536 565 587 617 aut
601 559 731 637 lugeret,
748 558 777 617 id
792 576 912 637 quoque
927 567 1005 620 esset
1019 560 1046 621 ei

39 661 133 703 mune
149 660 217 703 cum
231 642 340 702 bestiis.
379 642 474 703 Habet
488 643 618 722 primurn
633 643 807 704 memoriam
822 651 852 704 et
867 661 930 703 eam
946 644 1047 704 inlini·
1068 658 1097 708 57

49 745 152 788 rerum
171 726 443 801 innumerabilium,
465 745 553 805 quam
576 728 694 806 quidem
712 728 793 789 Plato
809 729 1047 791 recordationem

50 812 112 873 volt
125 813 201 872 vitae
215 812 388 891 superioris.
418 811 493 878 Nam
508 811 537 873 in
554 812 604 873 illo
620 812 712 886 libro,
729 814 781 891 qui
795 812 970 875 inscribitur
985 814 1046 875 lle·

39 946 42 968 ‚
56 897 213 976 pusionem
227 897 374 976 quendam
387 896 525 958 Socrates
536 897 701 976 interrogat
712 900 856 977 quaedam
867 898 1046 977 geometrica

41 982 208 1043 imensione
223 982 367 1060 quadrati.
407 981 450 1042 dd
473 1001 508 1043 ea
528 983 571 1043 sic
585 983 634 1044 ille
649 983 824 1063 respondet,
847 992 880 1044 ut
901 1002 991 1063 puer,
1017 992 1046 1045 et

39 1086 69 1129 an
85 1067 123 1127 ita
146 1066 244 1128 faciles
265 1067 515 1146 interrogationes
535 1075 619 1142 sunt,
646 1077 680 1129 ut
703 1069 845 1147 gradatim
861 1068 1047 1148 respondeus

42 1170 73 1212 m
89 1152 251 1231 perveniat,
266 1171 327 1230 quo
343 1152 367 1213 si
382 1152 561 1231 geometrica
576 1152 733 1214 didicisset.
760 1154 804 1214 Ex
819 1172 879 1232 quo
895 1154 971 1215 effici
985 1154 1046 1214 volt

39 1245 123 1309 ates,
144 1245 177 1296 ut
191 1236 305 1298 discere
321 1237 394 1297 nibil
416 1237 494 1298 aliud
515 1237 553 1298 sit
574 1237 631 1299 nisi
646 1238 805 1300 recordari.
837 1239 931 1310 Quem
946 1239 1045 1300 locum

40 1341 63 1382 ‚o
78 1322 167 1383 etiam
182 1323 348 1383 accuratius
369 1321 494 1400 explicat
509 1323 540 1382 in
557 1341 592 1382 eo
608 1340 762 1397 sermone,
786 1342 876 1402 quem
890 1324 994 1384 habuit
1009 1342 1045 1385 eo

48 1407 113 1479 die,
135 1425 194 1485 quo
210 1407 362 1468 excessite
375 1407 449 1482 vita3
471 1408 558 1468 docet
573 1408 652 1468 enim
668 1409 816 1486 quemvis,
845 1409 894 1487 qui
911 1408 1044 1469 omnium

40 1492 159 1552 mrudis
170 1510 234 1553 esse
246 1491 388 1565 videatur,
404 1490 482 1552 bene
494 1492 690 1572 interroganti
702 1493 935 1574 respondentem
947 1492 1044 1555 decla-

48 1596 80 1638 se
93 1596 154 1637 non
171 1585 232 1636 turn
248 1576 297 1637 illa
312 1576 433 1650 discere,
450 1578 500 1638 sed
513 1577 733 1638 reminiscendo
745 1597 971 1658 recognoscere,
988 1598 1044 1639 nec

54 1661 118 1722 lieri
134 1661 297 1722 ullomodo
314 1679 401 1741 posse
417 1668 480 1722 uta
496 1661 597 1741 pueris
612 1670 656 1722 tot
672 1680 772 1723 rerum
787 1672 875 1742 atque
895 1671 1045 1724 tantarum

40 1765 70 1808 as
92 1754 121 1807 et
142 1746 225 1824 quasi
248 1747 437 1824 consignatas
460 1746 491 1807 in
513 1746 619 1819 animis
641 1747 797 1819 notiones,
820 1766 893 1826 quas
915 1743 1045 1822 ἐννοίας

38 1840 82 1904 nt,
100 1831 285 1906 haberemus,
302 1831 359 1892 nisi
371 1831 498 1905 animus,
513 1839 582 1892 aute
597 1849 685 1910 qnam
698 1831 728 1891 in
745 1850 856 1911 corpus
865 1832 1043 1907 intravisset,

40 1934 115 1977 :rum
131 1916 303 1995 cognitione
318 1916 467 1995 viguisset.
499 1916 632 1995 Cumque
655 1916 729 1977 nibil
745 1924 838 1990 esset,
853 1925 887 1979 ut
902 1915 1042 1978 omnibus
1065 1927 1097 1978 58

40 2067 42 2084 ·
61 2041 179 2118 ἄλογος,
203 2049 301 2101 welche
319 2049 373 2100 sich
392 2050 418 2101 in
436 2048 481 2100 der
532 2048 712 2101 vorscbwebte
724 2054 858 2113 ettamen,
873 2052 937 2116 quia
948 2048 1044 2110 faciles

59 2117 203 2182 (appatere)
220 2116 271 2168 und
292 2107 410 2188 ἀφορμὴ
428 2115 481 2180 (faa-
530 2119 757 2182 interrogationes
771 2122 842 2184 auat,
857 2118 997 2184 gradatim
1008 2145 1043 2157 -

58 2184 172 2248 iussere,
203 2184 256 2236 und
280 2185 321 2236 die
345 2178 479 2256 ψυγὴλο-
526 2188 659 2249 persenit.
690 2184 774 2237 Damit
791 2186 969 2253 widerspricbt
987 2186 1043 2238 sich

47 2255 139 2318 (meru)
156 2252 356 2319 augescbrieben
380 2253 477 2317 wurde,
530 2252 591 2304 aber
607 2254 667 2316 Cic,
685 2253 772 2306 indam
790 2270 818 2306 er
835 2254 876 2307 die
888 2257 1042 2307 Antworten

40 2321 102 2386 geht
127 2320 174 2371 mit
197 2320 279 2372 dieser
303 2319 478 2387 Batraclrtnng
529 2319 574 2372 des
587 2319 693 2372 llnaben
712 2322 783 2374 nicht
800 2337 847 2375 ans
859 2323 903 2374 der
919 2315 997 2390 doda

40 2388 164 2440 ›lnthisch
176 2403 207 2440 an
220 2387 277 2440 dem
296 2388 476 2454 ursprdngllch
529 2404 584 2452 σις,
607 2388 717 2440 sondern
742 2404 787 2442 ans
808 2391 853 2442 der
871 2390 1043 2455 Lelcbtiglrert

40 2456 167 2522 ticbtigten
188 2455 306 2508 Beweise
324 2457 395 2508 dher.
529 2455 574 2507 der
591 2454 689 2521 Fragen
707 2456 821 2510 ableitet.

56 2529 157 2575 natura
175 2515 267 2576 ‘durch
301 2524 359 2576 eine
393 2523 477 2576 blolse
564 2526 605 2576 10.
619 2527 798 2589 geometrica,
821 2538 842 2576 s.
855 2540 876 2575 z.
891 2522 920 2574 V.
939 2526 981 2588 22,
994 2525 1040 2576 63:

40 2583 130 2657 ·kralt',
145 2592 245 2644 welche
262 2591 328 2643 daun
348 2592 393 2644 der
405 2590 478 2644 Geist
525 2594 697 2642 musicorum.

40 2675 44 2710 ;
63 2660 138 2710 wire.
563 2663 602 2711 tl.
619 2659 675 2709 nisi
685 2657 835 2708 recordari.
860 2655 925 2709 Plat.
937 2656 1040 2709 Menon.

40 2729 106 2778 laneo
117 2730 196 2791 anim,
211 2726 251 2778 fdr
263 2729 311 2778 baa
323 2731 402 2792 enim,
420 2741 476 2778 ver·
527 2743 551 2794 p.
566 2728 606 2780 82.
626 2724 683 2792 Vgl.
694 2725 760 2777 anch
775 2724 809 2776 id.
816 2723 907 2777 Pbddr.
923 2741 948 2792 p.
960 2728 1010 2779 249
1017 2741 1039 2778 c.

40 2797 140 2847 neinert
158 2796 204 2846 das
216 2794 340 2861 Gesagte:
354 2787 475 2862 ‘derglei-
524 2793 577 2847 und
596 2794 647 2846 Cic.
660 2794 714 2845 (lat.
725 2792 759 2846 Μ.
773 2795 814 2856 21,
828 2795 868 2846 18.

40 2855 142 2929 binge’.
172 2861 231 2929 Vgl.
243 2861 271 2914 ll.
285 2865 309 2928 3,
322 2865 336 2915 8
349 2863 409 2925 aum
432 2865 474 2928 26,
561 2865 601 2914 tt.
619 2865 649 2914 ia
660 2878 692 2913 aa
709 2877 837 2925 amona,
855 2860 921 2914 Plat.
933 2860 1040 2914 Phidon

44 2930 234 2996 lutatam.
525 2945 550 2996 p.
564 2932 596 2983 12
609 2945 632 2983 e.

45 2999 130 3050 Habet
149 3000 275 3065 primam.
315 2996 360 3049 llie
377 2997 474 3050 Adver-
562 3002 602 3051 17.
631 2992 755 3061 ἐννοίας.
793 2995 839 3048 Ilie
865 2995 970 3049 Stoiker
995 2995 1040 3049 be·

41 3066 140 3118 ›artikel
152 3066 216 3118 wind
234 3065 313 3118 durclr
332 3065 377 3116 dns
391 3066 475 3135 Asyn-
526 3067 676 3117 zeicbneten
689 3066 735 3116 mit
747 3064 844 3117 diesem
852 3063 988 3116 Ansdrucla
998 3063 1040 3116 die

63 3139 165 3186 ersetzt.
206 3133 267 3185 Deua
283 3136 402 3200 primm
420 3138 474 3186 ent·
525 3132 656 3186 Prodnlrte
674 3133 720 3185 der
737 3132 880 3186 sinuliclrerr
898 3131 1039 3184 Wnbmelr·

41 3206 56 3254 rt
74 3206 128 3254 erst
145 3204 186 3264 25,
200 3204 229 3253 61
257 3201 345 3265 Occidi
366 3202 415 3252 illa
432 3205 474 3252 ota
526 3215 651 3267 mungen,
675 3201 737 3252 n'ber
759 3200 851 3252 darem
875 3200 942 3266 lolgt
960 3200 1038 3264 nicht,

43 3269 102 3337 Vgl.
127 3271 194 3321 oben
215 3271 254 3334 ta,
267 3271 307 3322 30.
347 3255 474 3335 flbrigens
526 3268 582 3332 dats
600 3269 642 3321 die
660 3267 809 3320 Platoniker
832 3268 951 3321 darunter
968 3268 1040 3320 nicht

41 3338 76 3389 ebt
92 3338 147 3389 hier
160 3338 211 3389 Cic.
228 3342 302 3389 anter
318 3336 363 3388 der
376 3353 473 3389 memo-
525 3336 812 3400 desselbererstanden,
822 3335 1037 3389 wassanstPlato

40 3406 149 3458 nndcbst
167 3405 209 3457 die
232 3395 401 3475 ἀνάμνησις,
425 3406 473 3458 mit
524 3402 584 3460 ἰδέα
600 3408 688 3457 neunt.
720 3403 793 3456 Weni
814 3408 885 3456 stans
898 3404 943 3456 hat
955 3403 1038 3455 dieser

43 3489 71 3526 er
90 3473 163 3525 Plato
190 3472 231 3524 die
249 3472 409 3540 Erinnernng
426 3473 472 3526 des
524 3468 1036 3538 selbstesgetban,vg.Pbileb.p.591l:

41 3557 59 3594 rs
77 3557 109 3594 an
126 3541 168 3593 die
186 3556 233 3593 ror
254 3541 350 3593 seinem
368 3541 474 3594 Eintritt
523 3536 555 3595 ἐν
563 3548 626 3604 ταῖς
635 3540 701 3659 nagal
713 3532 748 3594 ab
760 3533 795 3595 ὅν
804 3533 896 3601 ὅντως
904 3534 1036 3601 ἐννοίαις.

41 3624 60 3660 n
87 3608 277 3661 menschlicben
303 3608 401 3676 lldrper
428 3624 472 3676 ge·
522 3607 665 3661 Jenerdns
683 3606 747 3659 rnclr
764 3605 865 3658 hindert
883 3605 939 3656 also
957 3604 1036 3670 niebt,

41 3682 81 3730 ten
99 3676 175 3729 ldeen
193 3677 351 3729 bezeichnet.
523 3676 588 3729 auch
605 3677 661 3727 bier
678 3675 735 3727 eine
753 3672 933 3726 akademiscbe
945 3671 1041 3734 anlle-

41 3751 60 3796 at
77 3751 165 3797 tamon
182 3747 221 3796 ita
233 3744 329 3806 faciles
340 3749 389 3797 cet.
422 3744 472 3796 Ta·
522 3743 707 3795 nnzunelrmeo.

41 3814 126 3880 gebdrt
144 3813 244 3880 logisch
262 3829 294 3864 au
311 3817 393 3864 at-
410 3830 471 3879 par-
558 3815 597 3865 19.
616 3814 795 3861 eaaat=aera
815 3813 881 3860 areat
901 3809 936 3861 im
955 3807 1036 3862 Sinne

41 3881 103 3948 ÷,da
121 3880 180 3933 dem
199 3880 267 3933 Verl.
285 3880 330 3934 der
348 3880 471 3934 (ledanlre
522 3879 619 3945 Platos,
636 3878 750 3930 welcber
771 3878 820 3931 den
838 3876 1036 3946 degenstinden
