2550 4410
143 126 186 186 84
525 124 618 179 LIBER
634 124 677 179 lv.
695 127 788 191 23,51.
798 127 839 179 52.

144 297 286 361 fortitudo
302 297 423 359 minime
444 297 481 359 sit
496 296 612 359 rabiosa
633 297 730 378 sitque
750 297 902 359 iracundia
922 306 988 358 tota
1004 298 1150 363 levitatis.
1179 300 1226 361 Ne

146 404 203 463 que
217 383 296 445 enim
313 393 358 445 est
372 383 430 443 ulla
442 383 594 457 lortitudo,
611 401 686 463 quae
701 383 825 445 rationis
840 392 885 444 θεῖ
900 401 1022 464 expers.

93 448 132 504 2⁸
229 469 470 531 Contemnendac
484 487 533 529 res
547 469 694 531 humanae
709 477 789 543 sunt,
808 468 996 547 neglegenda
1007 488 1100 532 mors
1116 480 1170 545 est,
1184 489 1226 551 pa·

93 531 121 581 ⁵1
144 555 240 617 tibiles
262 564 292 615 et
306 554 424 615 dolores
439 562 469 615 et
487 552 604 615 labores
624 555 757 633 putandi.
788 553 866 615 Haec
882 572 951 615 cum
973 555 1148 617 constituta
1167 566 1227 618 sunt

144 640 252 701 iudicio
268 648 356 719 atque
371 639 534 712 sententia,
558 649 621 701 tum
637 649 682 700 est
697 639 817 701 robusta
833 639 881 699 illa
898 648 927 700 ct
941 640 1066 702 stabilis
1082 641 1249 713 fortitudos

145 726 203 786 nisi
217 726 304 796 forte,
321 743 396 805 quae
407 725 606 798 vehementer,
623 725 740 798 acriter,
755 723 887 786 animose
898 726 988 799 liunt,
1005 726 1160 789 iracunde
1173 728 1229 789 lieri

146 811 341 891 suspicamur.
378 809 448 870 Mihi
464 829 503 870 ne
518 809 619 889 Scipio
635 810 753 889 quidem
769 809 827 884 ille,
843 809 980 889 pontifex
994 829 1171 888 maxumus,
1186 814 1228 891 qui

144 897 202 957 hoc
217 897 387 957 Stoicorum
407 913 510 955 verum
525 914 590 956 esse
611 894 783 968 declaravit,
806 913 970 973 numquam
990 896 1152 976 privatum
1173 916 1229 960 esse

145 983 326 1061 sapientem,
347 980 440 1041 iratus
460 979 575 1041 videtur
595 980 686 1043 luisse
707 980 752 1040 Ti.
768 980 899 1041 Graccho
920 988 1003 1055 tum,
1025 1000 1103 1044 cum
1127 1002 1228 1045 consu·

144 1066 203 1128 lem
219 1067 410 1144 languentem
431 1065 551 1144 reliquit
565 1075 653 1145 atque
668 1066 732 1145 ipse
747 1065 895 1145 privatus,
917 1073 951 1126 ut
973 1066 997 1128 si
1020 1069 1137 1131 consul
1152 1078 1230 1139 esset,
1246 1076 1264 1127 o

95 1168 124 1219 52
146 1153 196 1231 qni
217 1170 279 1211 rem
302 1151 452 1230 publicam
473 1151 579 1212 salvam
600 1171 663 1213 esse
684 1150 807 1224 vellent,
830 1170 862 1213 se
882 1151 966 1231 sequi
987 1151 1094 1215 iussit.
1130 1154 1229 1216 Nescio

146 1237 251 1314 ecquid
266 1236 323 1316 ipsi
339 1255 395 1297 nos
409 1236 527 1297 fortiter
540 1236 571 1296 in
588 1236 754 1316 republica
769 1236 946 1312 fecerimus3
963 1236 988 1298 si
1004 1237 1084 1316 quid
1101 1240 1228 1311 lecimus

145 1331 226 1382 certe
248 1321 313 1382 irati
336 1341 397 1382 non
426 1322 560 1383 lecimus.
605 1323 649 1382 An
679 1330 724 1384 est
745 1321 902 1401 quicquam
932 1321 1067 1386 similius
1099 1325 1228 1387 insaniae

145 1425 234 1485 quam
256 1404 323 1467 ira?
353 1425 439 1485 quam
463 1407 541 1467 hene
563 1406 680 1469 Ennius
702 1410 821 1469 initium
843 1406 916 1467 dixit
937 1410 1090 1472 insaniae.
1136 1410 1229 1481 Color,

145 1511 209 1567 vox,
226 1493 313 1566 oculi,
334 1492 473 1572 spiritus,
490 1493 665 1573 impotentia
679 1493 825 1553 dictorum
841 1510 875 1552 ac
890 1492 1039 1553 factorum
1057 1514 1152 1574 mam
1167 1514 1231 1577 par·
1248 1506 1268 1556 a

144 1587 204 1638 tem
227 1578 338 1639 hahent
364 1575 520 1639 sanitatis?
564 1576 641 1647 Quid
671 1577 783 1639 Achille
811 1577 969 1639 Homerico
998 1579 1142 1656 foedius,
1167 1581 1231 1661 quid

145 1664 418 1743 Agamemnonem
442 1661 561 1741 iurgio?
597 1682 665 1724 nam
686 1663 805 1724 Aiacem
828 1662 947 1742 quidem
969 1662 1013 1724 ira
1036 1665 1079 1727 ad
1102 1667 1231 1729 furorem

144 1760 330 1828 mortemque
346 1748 493 1828 perduxit.
530 1748 596 1809 Non
612 1748 703 1827 igitur
724 1747 871 1809 desiderat
890 1748 1035 1810 fortitudo
1060 1752 1232 1814 advocatam

144 1835 344 1909 iracundiam;
367 1834 436 1895 satis
457 1842 503 1894 est
518 1833 679 1909 instructa,
700 1842 818 1913 parata,
839 1842 949 1894 armata
965 1852 1021 1912 per
1043 1854 1125 1898 sese.
1162 1838 1231 1899 Nam

145 1919 200 1981 isto
225 1919 344 1999 quidem
365 1919 453 1979 modo
474 1918 544 1980 licet
567 1918 664 1981 dicere
686 1919 788 1981 utilem
809 1918 1003 1980 vinulentiam
1022 1920 1064 1981 ad
1080 1922 1270 1985 fortitudi-tt

144 2089 231 2150 sitque
247 2084 300 2151 vgl.
318 2083 336 2135 l.
355 2086 396 2147 29,
408 2088 452 2137 il:
477 2086 658 2151 adhibuitque.

181 2158 204 2207 1.
222 2153 338 2203 leuitatis
354 2146 659 2220 ‘Charaklerschwiche’,

145 2221 195 2272 wie
214 2223 256 2285 31,
274 2222 306 2272 66
326 2220 420 2272 leuitas
437 2220 488 2272 und
507 2222 579 2274 levir.

179 2291 203 2340 3.
230 2289 363 2354 patibiles.
397 2288 490 2341 Aulser
508 2290 562 2341 hier
580 2290 660 2343 findet

143 2358 199 2409 sich
212 2356 267 2408 dies
280 2355 354 2409 Wort
370 2357 412 2409 hei
430 2356 517 2410 Cicero
530 2375 577 2411 nur
593 2359 661 2411 noch

144 2425 176 2478 de
189 2426 259 2479 deor.
277 2441 301 2478 n.
318 2426 357 2480 lll.
376 2429 415 2491 12,
428 2428 469 2493 29,
487 2427 545 2479 dori
557 2428 582 2478 in
595 2427 661 2480 alili·

144 2511 202 2547 rem
221 2493 308 2546 Sinne.

179 2569 202 2617 5.
221 2568 261 2614 est
277 2557 321 2615 ‘ist
339 2557 504 2615 vorhanden'.

178 2636 201 2685 6.
225 2634 391 2682 venementer
415 2631 471 2683 ‘mit
497 2629 658 2694 Nachdruck‚

144 2694 248 2763 kristig'
272 2700 298 2749 in
323 2699 416 2751 bonam
434 2704 545 2766 partem;
570 2715 599 2751 so
617 2699 659 2752 bei

145 2768 233 2817 Cicero
246 2766 317 2817 nicht
330 2767 411 2818 cellen
422 2767 504 2818 neben
518 2767 659 2831 admirati,

146 2835 283 2898 adsentiri,
300 2837 427 2899 probare,
446 2834 583 2899 delectari,
602 2839 659 2886 etae-

146 2903 215 2966 dere,
232 2918 260 2951 ae
277 2917 401 2952 exercere
418 2918 444 2954 u.
457 2917 479 2952 a.
494 2900 593 2955 Verbis

181 2973 204 3022 i.
217 2969 308 3035 Scipio
318 2969 378 3021 ille:
391 2969 419 3022 P.
430 2970 562 3033 Cornelius
573 2970 659 3039 Scipio

146 3037 261 3105 Serapio,
280 3037 350 3090 Sohn
370 3037 415 3090 des
431 3037 518 3104 Scipio
531 3037 623 3105 Nasica
634 3039 660 3103 (l.

146 3104 407 3172 9,19),llonsul138,
422 3108 559 3159 ῖόῖθῖθ133
573 3107 661 3159 seinen

148 3175 235 3227 Vetter
252 3174 308 3226 Tib.
322 3174 488 3242 Sempronius
507 3173 644 3227 Gracchus.

180 3245 204 3295 8.
222 3245 273 3294 liae
290 3243 441 3295 Stoicarum
465 3236 546 3307 ‘Jener
564 3242 662 3295 Grund-

146 3316 201 3363 aatz
224 3311 269 3363 der
293 3305 407 3363 Stoiher’
428 3312 490 3377 (vgl.
513 3312 530 3363 1.
549 3314 591 3376 42,
610 3315 661 3373 99).

146 3379 221 3432 illese
251 3379 423 3445 behaupteten
452 3379 576 3445 nimlich,
606 3379 661 3432 dass

146 3447 191 3499 der
210 3446 296 3500 Weise
314 3448 392 3500 allein
408 3447 500 3513 llinig,
517 3447 661 3511 Heniochoi,

147 3515 280 3582 Ohrigheit
304 3531 329 3568 u.
353 3531 374 3568 s.
398 3531 432 3569 w.
456 3516 501 3568 sei.
542 3515 616 3582 Diog.
633 3516 662 3569 l..

148 3582 198 3636 Vll.
216 3586 273 3636 122.

148 3653 344 3770 Thdeclaravit,
361 3652 472 3706 nimlich
492 3652 572 3705 durch
591 3653 661 3706 scine

189 3722 224 3773 at.

183 3789 207 3840 9.
226 3787 360 3839 conmlem
373 3788 551 3855 languentem,
570 3789 619 3841 den
632 3788 661 3843 P.

710 2084 809 2138 Mucios
823 2084 958 2150 'Scivola,
986 2086 1107 2142 welches
1135 2089 1233 2143 Gewalt

711 2169 792 2221 gagen
817 2152 945 2207 Gracchus
968 2157 1156 2211 anauwenden
1181 2158 1232 2211 sich

710 2224 841 2289 walgerte.

747 2294 787 2345 11.
806 2292 854 2357 qui
867 2290 1015 2343 -aelnna
1054 2290 1105 2345 Bel
1123 2294 1232 2347 Antruhr

710 2359 737 2410 in
755 2358 800 2410 der
818 2357 893 2411 Stadt
914 2372 969 2409 war
991 2358 1033 2410 die
1053 2360 1231 2416 leststehende

711 2426 820 2491 Formel,
838 2426 916 2478 deren
932 2425 988 2478 sich
1006 2426 1052 2479 der
1071 2426 1176 2484 Konsul
1193 2432 1232 2483 be·

709 2494 808 2546 diente:
827 2495 881 2559 Qui
896 2495 1040 2561 rempubl.
1060 2500 1170 2550 saluam
1181 2516 1231 2551 esse

708 2563 815 2626 uolunt,
840 2579 882 2613 me
904 2568 1064 2629 aequantur.
1092 2565 1153 2634 Vp.
1167 2564 1230 2619 Plut.

709 2630 749 2682 Ti.
762 2630 802 2683 Gr.
818 2633 861 2692 19;
879 2629 936 2684 Val.
953 2628 1022 2685 Max.
1039 2632 1083 2686 lll.
1103 2637 1128 2699 2,
1143 2639 1184 2690 l'l.

745 2702 786 2753 15.
805 2715 885 2764 quam
900 2704 1005 2765 partem
1025 2701 1073 2763 (aa
1092 2704 1172 2769 quid)
1189 2706 1231 2755 da·

711 2769 772 2818 bant
790 2771 931 2834 sanitatis,
953 2768 1068 2822 nimlich
1089 2771 1135 2825 bei
1152 2772 1230 2825 einen

710 2835 845 2901 Zomigen.

746 2907 786 2956 11.
799 2906 829 2955 in
840 2905 947 2969 iurgio:
960 2901 1034 2956 llom.
1043 2903 1075 2958 ll.
1085 2905 1107 2961 l.
1119 2910 1169 2962 122
1178 2923 1230 2975 sqq.

745 2987 809 3022 nam
825 2974 934 3024 Aiacem
952 2972 1077 3037 quidam:
1098 2974 1157 3029 Von
1169 2976 1230 3041 Ajax

713 3039 768 3090 will
780 3040 821 3091 ich
840 3055 885 3105 gar
902 3038 974 3091 nicht
985 3044 1040 3093 erat
1056 3042 1151 3109 reden,
1168 3044 1229 3097 dean

712 3107 801 3160 diesen
810 3123 836 3159 u.
846 3123 867 3163 s.
876 3122 911 3160 w.
924 3106 983 3173 Vgl.
995 3123 1019 3163 a.
1031 3108 1072 3164 111.
1088 3114 1133 3179 30,
1143 3116 1175 3167 ’13
1183 3110 1230 3164 und

712 3181 790 3229 unten
802 3178 842 3241 33,
856 3179 901 3228 il:
912 3191 975 3227 nam
981 3178 1170 3233 Anacreontis
1179 3182 1230 3247 pui-

712 3246 771 3295 dam
784 3249 840 3296 tota
850 3246 938 3311 pai‘sir
954 3249 994 3295 est
1005 3252 1157 3304 amatoria.
1172 3248 1229 3301 Zoro

712 3312 795 3364 lnhalt
807 3312 858 3379 vgl
876 3311 948 3365 Hom.
962 3311 1009 3365 Od.
1019 3313 1063 3367 Xl.
1077 3319 1229 3371 543-560.

749 3382 788 3434 18.
807 3381 983 3432 deciderat·
995 3382 1165 3439 aduocatam
1180 3388 1229 3437 ira·

713 3450 847 3501 cundiam.
873 3448 908 3501 So
921 3447 951 3501 V.
963 3450 1005 3513 38,
1021 3454 1086 3504 111:
1101 3454 1229 3521 Samoou

714 3520 842 3582 cogitatio
854 3533 910 3568 nan
920 3515 1006 3579 smne
1018 3519 1057 3571 ad
1068 3522 1229 3590 inuestigan-

714 3585 776 3636 dum
794 3587 904 3637 addidet
921 3585 1014 3637 oculor
1032 3588 1191 3645 aduocatos.

748 3656 789 3707 29.
801 3657 853 3705 ieta
866 3654 972 3719 quidem
979 3656 1070 3723 modo,
1082 3656 1110 3711 d.
1122 3659 1148 3712 h.
1162 3672 1230 3713 menn

712 3736 772 3772 man
791 3720 832 3774 die
844 3722 987 3774 iracundia
1006 3722 1050 3776 ldr
1062 3728 1182 3781 adtalich
1193 3743 1231 3781 mr

711 3788 847 3851 fortitudo
866 3790 929 3843 hill.
