2550 4410
413 221 841 290 mmmmmmmn
1124 223 1164 282 m

91 393 244 456 curandus
259 404 311 456 est.
346 395 441 456 Etiam
459 414 535 456 novo
551 396 670 475 quidam
685 414 784 457 amore
800 405 930 458 veterem
945 411 1074 458 amorem
1090 408 1165 459 tam·
1188 405 1216 456 n

93 498 182 558 quam
199 480 279 540 clavo
295 480 409 541 clavum
424 480 590 559 eiciendum
606 489 720 560 putant.
751 481 875 543 Maxime
890 491 987 543 autem
1000 483 1163 544 admonen-

93 568 149 626 dus
171 574 215 626 est
235 575 364 644 quantus
386 565 424 627 sit
444 566 528 627 furor
543 566 667 642 amoris;
690 567 829 629 omnibus
844 568 923 628 enim
939 587 975 628 ex
990 568 1080 629 animi
1094 587 1164 648 per-

93 650 314 713 turbationibus
339 659 385 712 est
409 652 544 730 prolecto
566 651 646 712 nulla
668 653 883 727 vehementior,
910 661 957 726 ut,
984 653 1008 715 si
1023 653 1080 714 iam
1101 653 1164 733 ipsa

51 746 68 796 1
93 736 141 796 illa
153 754 291 797 accusare
305 736 389 810 nolis,
405 744 507 815 stupra
518 737 584 797 dico
600 746 630 798 et
645 737 828 817 corruptelas
843 746 873 798 et
886 737 1037 811 adulteria,
1052 738 1164 800 incesta

92 820 229 899 denique,
242 840 369 900 quorum
378 822 510 882 omnium
522 821 694 884 accusabilis
704 831 749 884 est
758 823 921 903 turpitudo,
931 859 971 868 -
981 824 1032 885 sed
1045 832 1077 884 ut
1091 824 1164 884 haec

93 906 226 980 omittas,
257 906 440 986 perturbatio
464 906 529 986 ipsa
555 907 662 969 mentis
687 907 717 969 in
744 926 843 969 amore
868 909 954 969 loeda
978 928 1032 988 per
1053 928 1083 970 se
1111 917 1163 970 est.

92 992 182 1063 Nam,
206 1000 240 1052 ut
261 992 308 1051 illa
329 1001 529 1071 praeteream,
553 1011 628 1073 quae
643 1000 714 1054 sunt
729 993 852 1067 luroris,
867 994 940 1054 baec
954 994 1018 1074 ipsa
1032 1012 1087 1073 per
1100 1012 1165 1056 sese
1187 1002 1216 1053 16

93 1095 181 1155 quam
197 1075 307 1138 habent
322 1077 477 1151 levitatem,
494 1097 568 1158 quae
584 1078 721 1139 ridentur
736 1097 798 1140 esse
813 1078 987 1140 mediocria:

40 1168 70 1222 to
602 1161 742 1235 loetitiae,
994 1173 997 1180 ’

179 1246 367 1325 Suspiciones,
382 1251 557 1318 inimicitiae,
572 1249 708 1319 iuddciae,

178 1332 297 1409 Bellon,
309 1351 373 1412 poc
387 1351 525 1408 rnrsnm3
544 1334 654 1394 ince'rto
669 1333 735 1394 boec
750 1337 777 1394 si
790 1344 822 1395 tn
835 1334 960 1414 postules

179 1415 302 1478 Ratione
316 1426 391 1479 certo
405 1419 509 1496 secere,
523 1418 613 1479 nihilo
625 1419 693 1498 plois
707 1437 776 1497 opos

179 1501 275 1573 Quom
290 1507 316 1563 st
331 1504 378 1565 des
392 1521 507 1582 operam
521 1515 555 1565 nt
569 1506 633 1565 caim
648 1507 762 1565 ratione
779 1507 918 1565 insontes.

40 1592 65 1650 tt
90 1586 175 1647 llaec
197 1587 394 1649 inconstantia
417 1588 653 1667 mutabilitasque
673 1589 780 1650 mentis
805 1607 892 1667 quem
912 1607 973 1650 non
989 1589 1052 1668 ipsa
1067 1589 1163 1669 pravi-

89 1681 152 1732 tate
176 1671 344 1734 deterrent
373 1673 427 1735 Est
447 1674 535 1734 etiam
557 1673 644 1747 illud,
670 1675 749 1753 quod
776 1673 805 1734 in
835 1673 916 1734 omni
942 1672 1164 1753 perturbatione

88 1756 208 1829 dicitur,
223 1758 496 1835 demonstrandum,
513 1759 623 1820 nullam
633 1777 698 1820 esse
710 1759 767 1820 nisi
780 1756 970 1838 opinabilem,
987 1758 1043 1819 nisi
1055 1759 1164 1819 iudicio

88 1851 274 1922 susceptam,
291 1844 348 1904 nisi
363 1844 565 1904 voluntariam.
598 1844 717 1904 Etenim
732 1842 757 1904 si
773 1843 914 1905 naturalis
929 1861 1012 1904 amor
1026 1852 1117 1918 esset,
1134 1851 1165 1903 et

88 1937 225 1989 amarent
237 1947 340 1990 omnes
352 1937 382 1990 et
393 1948 511 2009 semper
522 1939 655 1990 amarent
667 1938 696 1990 et
707 1929 784 1990 idem
800 1937 943 2002 amarent,
959 1947 1057 2008 neque
1072 1929 1163 1989 alium

40 2025 66 2078 to
89 2013 198 2093 pudor,
214 2014 302 2075 alium
318 2015 466 2093 cogitatio,
482 2014 571 2076 alium
586 2015 704 2076 satietas
720 2014 892 2075 deterreret.

176 2098 222 2158 Ira
237 2117 322 2171 vero,
344 2118 419 2177 qnae
442 2119 529 2179 qnam
545 2100 595 2161 diu
610 2099 766 2180 perturbat
781 2100 928 2174 animum,
950 2099 1164 2160 dubitationem
1176 2075 1215 2134 3⁶

87 2183 222 2329 inlsaniae
245 2203 306 2245 non
328 2185 432 2259 habet,
454 2186 538 2247 cuius
560 2186 690 2265 impulsu
712 2185 824 2247 exsistit
851 2185 938 2245 etiam
958 2185 1037 2246 inter
1058 2185 1164 2246 fratres
1185 2160 1215 2209 ’Π

86 2276 147 2328 tae
161 2268 304 2349 iurgium:

85 2400 242 2468 Kranlrlreit,
266 2403 331 2455 auch
352 2403 424 2455 nieht
448 2402 542 2455 wieder
565 2419 599 2455 zu
649 2405 681 2455 In
696 2403 967 2454 amorebaeeomnin
982 2400 1165 2454 insontoitia:

84 2469 449 2533 llriltenkommenkdnnem
463 2476 599 2538 tamqnam
683 2470 731 2522 blit
752 2470 809 2522 dem
826 2470 909 2521 lnhalt
931 2469 983 2535 rgl.
1005 2469 1046 2521 die
1067 2470 1164 2524 echone

86 2540 139 2589 wie
155 2537 173 2590 1.
186 2540 227 2604 36,
240 2542 280 2594 88.
651 2538 731 2591 Stelle
740 2538 782 2589 bei
792 2537 885 2590 Horon:
899 2536 978 2589 Serm.
988 2537 1017 2588 ll.
1026 2539 1051 2602 3,
1061 2538 1110 2590 260
1123 2553 1162 2607 sq.

120 2608 348 2659 2.etaooolovnm.
369 2606 599 2659 SoauchimGrie·
686 2610 725 2660 11.
735 2606 912 2671 Suspiciones,
922 2605 1106 2658 hierundolter
1114 2609 1162 2659 mit

84 2674 207 2738 cbiseben
225 2675 442 2742 spriehwortliclr:
468 2669 526 2740 ἥλῳ
548 2672 599 2726 τὸν
650 2675 823 2739 verlingerter
841 2675 864 2725 2.
883 2672 964 2725 Silbe.

88 2739 159 2806 ‘lom
177 2740 310 2808 παττάλῳ
327 2741 378 2795 τὸν
393 2740 536 2796 πάτταλον
553 2747 600 2807 (sc.
655 2797 665 2808 ,
686 2746 726 2796 13.
752 2745 859 2794 ratione
885 2737 975 2793 ‘durch
998 2741 1162 2809 verstandige

83 2761 127 2862 let
142 2809 297 2881 ἐκκρούειν).
649 2802 837 2876 Uberlegung';
854 2826 914 2861 enm
927 2812 1034 2861 ratione
1046 2804 1101 2863 ‘bei
1119 2827 1163 2877 ge·
1186 2874 1192 2883 ἱ

118 2882 143 2934 4.
161 2882 235 2945 ntes·
252 2883 315 2932 iant,
351 2879 449 2946 lntolge
472 2879 517 2931 der
533 2879 599 2930 Zwi-
649 2879 756 2932 eundem
780 2871 941 2940 Verstande’;
966 2880 1072 2930 ineerta
1097 2882 1164 2931 bose

81 2947 598 3014 sobensdtzeptiom-tnrpitudolbe-
649 2952 722 3001 certo
751 2945 841 3007 secere
871 2941 952 2999 ‘diese
981 2947 1162 3001 wandelbaren

81 3017 158 3081 giam
166 3015 257 3069 Cicero
270 3017 314 3068 der
323 3015 495 3070 Deutlicblreit
505 3031 598 3082 wegen
648 3014 826 3081 Stimmnngen
835 3031 867 3066 zu
879 3014 1025 3067 dauernden
1037 3008 1161 3068 macben’.

80 3085 130 3135 mit
153 3085 201 3135 sed
221 3089 252 3135 nt
273 3085 322 3137 den
341 3083 400 3136 Satz
418 3100 469 3136 von
491 3098 596 3146 nenem3
684 3086 723 3138 16.
735 3087 765 3134 in
773 3086 975 3150 perturbatione
987 3085 1095 3146 dieitur,
1108 3085 1160 3149 vgl.

79 3152 136 3218 vgl.
159 3151 197 3205 lll.
216 3155 240 3215 8,
260 3154 304 3206 16:
327 3156 373 3219 qui
394 3155 433 3203 eit
448 3151 528 3217 frugi
544 3155 597 3217 igi-
647 3151 664 3204 l.
683 3154 724 3217 36,
738 3155 783 3207 88;
801 3155 831 3208 in
847 3156 934 3203 morte
951 3167 1005 3203 non
1022 3150 1130 3202 dieitur.

81 3225 184 3272 11111-
201 3209 270 3273 llber
289 3224 314 3271 εἰ
329 3226 385 3272 iam
407 3237 428 3272 s.
447 3237 476 3272 nn
496 3223 538 3286 31,
555 3223 596 3274 65.
683 3223 725 3274 21.
743 3222 790 3272 Ira
807 3237 880 3274 vero.
916 3218 1019 3271 Wieder
1035 3218 1077 3270 ein
1093 3219 1161 3271 Ana·

117 3291 142 3342 6.
166 3290 337 3353 comeditis,
357 3282 405 3342 ἅπ.
428 3287 483 3360 tay.
503 3312 537 3332 ==
557 3293 597 3340 ito
648 3287 748 3354 koluth‚
761 3287 792 3340 da
803 3288 848 3340 das
858 3286 979 3339 Pridikat
989 3302 1020 3338 zu
1033 3289 1076 3337 iro
1086 3286 1160 3353 fehlt,

79 3363 248 3422 comparata,
266 3361 299 3408 nt
314 3361 343 3408 in
360 3358 492 3410 indicium
502 3361 597 3410 vocari
648 3356 714 3408 doch
723 3356 803 3408 durch
812 3356 853 3408 die
862 3357 968 3407 weitere
977 3353 1160 3422 Besprecbung

75 3427 173 3492 possit.
424 3479 434 3491 κ
648 3424 693 3477 des
717 3424 885 3490 angeidhrten
907 3422 1033 3489 Beispiels
1055 3421 1159 3475 erkltrt

117 3495 141 3546 8.
167 3493 225 3556 illo,
251 3509 320 3560 qnae
345 3513 391 3545 —:
417 3493 596 3560 Aulserungen
647 3491 693 3544 Die
702 3492 870 3557 Fortsetznng
882 3491 927 3543 des
938 3491 1159 3543 unterbroebenen

78 3561 128 3614 des
141 3560 304 3626 Wahnsinns,
324 3563 373 3614 wie
386 3561 427 3614 die
441 3562 476 3614 im
489 3562 595 3628 rotigen
645 3558 797 3613 Godanlrens
808 3560 901 3626 erfolgt
912 3559 967 3612 also
977 3560 1029 3611 eret
1037 3559 1106 3626 mit§
1118 3563 1159 3613 te.

77 3629 146 3698 Kap.
164 3629 342 3696 angetcnrten.
680 3629 872 3680 dubitationem
892 3630 1016 3679 insaniae
1036 3643 1092 3679 non
1113 3630 1160 3679 ba·

114 3702 139 3752 9.
152 3699 257 3762 babent,
271 3714 291 3751 s.
301 3698 379 3753 zulll.
391 3701 430 3760 13,
443 3701 488 3751 27:
501 3699 595 3750 Habet.
646 3700 695 3749 bet.
724 3697 825 3748 Habere
846 3692 992 3761 (bulessen,
1009 3695 1159 3748 verbunden

116 3770 157 3822 10.
171 3767 292 3818 Iniuriae
301 3771 358 3830 cet,
368 3781 414 3818 aus
423 3765 521 3819 Terenz
531 3767 595 3819 Eun,
646 3765 702 3819 sein
712 3756 777 3830 mit')
791 3765 838 3816 mit
850 3765 933 3816 einem
944 3763 1160 3817 Verbalsubstan-

75 3837 96 3890 1.
117 3839 141 3899 1,
155 3838 187 3888 14
199 3850 265 3904 sqq,
281 3850 324 3887 wo
337 3835 379 3887 die
390 3833 480 3888 Worte
491 3836 595 3887 vorher-
645 3835 683 3886 tir
701 3833 771 3886 steht
784 3833 823 3885 oft
839 3833 880 3885 itu
897 3832 943 3884 das
954 3831 1027 3885 Pass.
1044 3831 1090 3885 des
1103 3837 1158 3885 ent-

75 3904 176 3973 gebeu:
647 3900 960 3970 sprecbendenllerbums.
978 3899 1107 3955 Sodeoll.
1119 3900 1157 3955 lIl.

916 3984 952 4040 7*
