2550 4410
467 147 619 204 uanam
638 150 731 215 anea.
870 188 923 211 Δ.
1091 146 1130 204 41

12 348 19 386 ε
57 340 133 401 quas
148 321 310 383 sententias
326 321 449 401 colligit,
463 339 540 400 quaa
554 321 643 383 verba
659 321 851 400 contorquetl
867 331 901 382 ut
916 321 1004 383 licere
1020 321 1137 400 quidvis

57 408 172 469 rhetori
193 407 357 486 intellegas.
396 407 478 478 Quae
500 426 589 469 nemo
610 408 763 487 probaret,
787 407 843 467 nisi
865 407 987 468 insitum
1009 407 1081 468 illud
1102 407 1133 467 in

58 494 168 554 animis
188 491 380 565 haberemus,
405 493 503 554 omnis
525 493 621 554 bonos
646 493 769 554 interitu
783 511 906 554 suorum
921 510 1009 571 quam
1025 492 1135 572 gravis·

57 579 135 641 sime
150 595 282 639 maerere
298 587 447 657 oportere.
474 578 518 638 lix
533 580 591 640 hoc
606 578 704 640 evenit
718 587 752 638 ut
766 578 797 639 in
813 579 904 638 animi
919 577 1072 640 doloribus
1088 577 1135 638 alii

12 672 33 727 ὓ
56 664 234 726 solitudines
249 672 384 742 captent,
399 672 433 724 ut
447 664 488 724 ait
502 664 649 725 Homerus
663 664 699 724 de
714 663 961 742 Bellerophonte:

67 744 72 755 “
215 747 277 819 Qut
289 752 376 810 miser
390 754 422 810 in
437 754 544 830 campis
558 769 688 811 moerens
701 750 818 811 errabat
832 750 916 819 Aleta,

214 833 279 979 {ppo
293 853 379 895 suum
393 853 443 896 cor
456 835 548 906 edens,
563 834 713 896 bominum
727 839 847 914 corripio
861 839 965 897 vitores.

58 917 101 980 Et
115 917 208 979 Nioba

246 919 346 998 agitur
360 919 488 999 lapidea,
510 929 634 999 propter
648 930 811 995 aeternum,
827 921 932 995 credo,
953 921 984 980 in
1000 921 1083 981 luctu
1097 919 1138 981 si·

59 1003 198 1065 lentium.
242 1003 393 1065 Hecubam
424 1015 521 1066 autem
550 1014 657 1085 putant
678 1015 802 1085 propter
829 1006 920 1067 animi
948 1005 1138 1067 acerbitatem

12 1100 33 1155 a
59 1088 211 1168 quandam
227 1101 256 1150 et
271 1088 383 1150 rabiem
397 1091 469 1169 fingi
485 1093 515 1151 in
532 1110 636 1153 canem
652 1110 717 1153 essa
737 1109 919 1152 conversam.
950 1093 1027 1154 Sunt
1041 1101 1137 1152 autem

60 1174 129 1248 alii,
150 1193 226 1253 quos
240 1175 270 1235 in
287 1175 370 1237 luctu
385 1193 453 1236 oum
475 1177 537 1256 ipsa
559 1176 719 1238 solitudine
739 1177 822 1255 loqui
842 1196 930 1256 saepe
944 1178 1085 1249 delectat,
1106 1186 1139 1238 ut

59 1259 114 1320 illa
128 1261 206 1339 apud
220 1260 352 1320 Ennium
367 1261 484 1322 nutrix:

273 1345 381 1426 Cupido
397 1350 469 1426 cepit
482 1352 616 1408 misnam
631 1366 711 1408 nunc
725 1366 769 1407 me
783 1343 918 1427 prdloqua'

273 1430 355 1492 Coelo
370 1435 454 1512 dtpue
469 1442 562 1494 terroe
577 1431 690 1494 Me'deot'
702 1436 841 1493 miserias.
1156 1475 1193 1532 ῃ

12 1528 33 1581 Β
61 1515 147 1576 Ηοοο
162 1515 261 1576 omnia
276 1527 366 1590 recta,
382 1536 463 1591 vera,
479 1517 575 1578 debita
591 1525 730 1596 putantes
744 1518 858 1577 iaciunt
872 1518 903 1578 in
920 1518 1031 1587 dolore,
1047 1517 1139 1577 maxi·
1162 1559 1193 1610 ol

60 1618 173 1679 meque
185 1602 351 1662 declaratur
362 1603 434 1663 baec
446 1603 529 1682 quasi
541 1602 631 1664 officii
642 1602 751 1663 iudicio
762 1602 838 1675 fleri,
853 1602 943 1682 quod,
955 1603 980 1663 si
992 1602 1042 1682 qui
1053 1604 1141 1674 lorte,

62 1733 581 1856 illailla..lttltlthttdtl
633 1733 1144 1871 ..3·.ltllztlt,ltt²d'.⁰⁰b.tls

62 1869 248 1936 Empfindnng.
262 1869 319 1937 Vgl.
329 1872 473 1924 aulserdem
484 1876 524 1938 15,
534 1874 580 1925 32;
633 1872 760 1922 litudines
778 1877 887 1938 captent
909 1872 986 1923 sollte
1005 1871 1142 1938 eigentlich

13 1966 18 1973 ·
62 1941 189 1991 venisset.
632 1940 733 2004 tolgan:
764 1941 815 1991 alii
843 1945 982 1992 aemam
1007 1941 1143 1991 sibntiom

105 2011 203 2072 1.quaa
215 2009 294 2058 verbo
307 2000 581 2073 contorquet‘schleu·
632 2013 749 2073 servent,
772 2013 804 2060 ut
820 2007 922 2074 Nioba,
946 2025 1015 2074 quae
1031 2009 1145 2072 idcireo,

64 2075 128 2127 dert
145 2090 172 2127 er
188 2090 271 2142 gegen
289 2071 352 2140 ihn',
369 2077 416 2126 mit
433 2077 503 2128 einer
519 2093 581 2128 vom
633 2078 724 2141 credo,
747 2076 773 2128 la
792 2077 854 2129 idea
871 2078 996 2143 fingitur.
1031 2076 1080 2128 Zur
1098 2076 1144 2127 Sa-

64 2143 222 2210 Wurispeer
256 2142 406 2195 entlehnten
441 2142 583 2211 Metapber,
634 2145 682 2196 che
697 2145 749 2211 rgl.
767 2093 841 2198 λοεο.
864 2146 892 2198 ll.
910 2145 999 2199 xxiv,
1017 2143 1145 2198 norun

64 2213 123 2263 wie
133 2211 176 2264 lV.
188 2213 229 2275 36,
247 2215 279 2264 71
298 2228 324 2263 n.
338 2211 369 2263 de
382 2228 418 2264 or.
432 2212 449 2264 l.
462 2216 504 2277 51,
516 2215 581 2266 242:
634 2212 708 2266 bvid.
727 2212 788 2266 blet.
807 2212 848 2266 Vl.
868 2213 956 2267 14611.

64 2298 86 2333 α
111 2296 242 2346 quocum
262 2284 413 2331 ammam
431 2283 521 2332 Ιιαείοε
538 2297 582 2332 ac·
667 2285 692 2334 9.
703 2282 845 2336 Hecubam.
858 2281 904 2334 Or.
914 2280 975 2334 Met.
984 2281 1046 2333 xlll.
1057 2279 1143 2334 549ff.

66 2351 180 2416 caperit,
203 2351 259 2414 ipse
276 2365 322 2399 οοε
339 2352 457 2400 oratoris
475 2351 582 2401 lacertis
668 2353 708 2403 11.
728 2350 848 2414 delectat,
866 2350 937 2402 nicht
949 2352 1065 2412 delectet,
1084 2348 1144 2400 weil

64 2419 229 2483 viribusque
246 2419 389 2482 torquebit.
634 2418 685 2469 Cic.
704 2416 745 2468 die
760 2418 908 2470 bestimmte
921 2417 1026 2482 Person,
1045 2416 1146 2469 welche

106 2488 132 2538 2.
143 2487 245 2551 rhetor,
263 2485 488 2549 nicht--orotor,
506 2485 580 2539 sond.
633 2501 660 2537 er
677 2485 716 2536 als
734 2484 848 2552 Beispiel
866 2486 979 2550 anlhbrt,
997 2485 1092 2536 bereits
1110 2485 1145 2535 im

58 2548 287 2618 ‘Redelu'rnstler',
305 2553 348 2605 bei
365 2553 454 2605 Cicero
473 2569 520 2605 nur
533 2569 584 2605 von
637 2552 717 2605 Sinne
734 2553 812 2605 batte.

66 2623 132 2675 dem
150 2621 306 2674 theoretiscb
321 2621 468 2686 gebildeten
480 2620 585 2673 llleister
672 2623 711 2674 12.
730 2621 804 2692 opud
814 2622 933 2672 Ennium
945 2624 1050 2687 num,
1062 2619 1089 2671 in
1102 2619 1147 2671 der

67 2690 227 2758 gebrancbt;
251 2689 304 2755 vgl.
328 2689 360 2741 de
382 2706 419 2741 or.
443 2689 471 2741 ll.
493 2693 517 2754 3,
537 2691 582 2742 to:
634 2687 724 2741 Medea
742 2689 824 2741 exsul.
858 2690 893 2741 lm
912 2689 1039 2756 original,
1061 2688 1147 2753 Eurip.

66 2759 585 2891 ἴλλλλλλλλὶλλῗιλὶλῖἳλλῖλ
634 2757 745 2897 Mihi·
762 2760 879 2897 illl.
1018 2819 1146 2892 εμεβηε

66 2901 104 2948 in
123 2899 180 2946 tota
197 2897 315 2946 civitate.
840 2888 996 2967 ἀλγηδόνος,

109 2967 134 3015 5.
152 2963 290 3024 Romamn,
310 2961 337 3013 ll.
356 2961 398 3013 Vl.
417 2964 463 3014 201
485 2961 515 3012 λε
672 2954 748 3013 ὥσθ’
773 2963 863 3031 ἵμερος
884 2959 916 3029 μ’
938 2959 1049 3028 ὑπῆλθε
1065 2963 1100 3034 γῇ
1118 2979 1149 3012 τε

108 3027 169 3096 ἦτοι
192 3027 207 3082 ὁ
231 3027 288 3082 κὰπ
310 3025 407 3082 πεδίον
428 3029 460 3081 τὸ
480 3025 585 3095 Ἀλήϊον
841 3029 966 3100 κούρανῷ
1144 3054 1148 3060 ·

254 3156 260 3169 ¹
281 3097 335 3150 ολοε
352 3094 445 3160 ἀλᾶτο,
675 3097 761 3164 λέξαι,
787 3096 907 3172 μολούσῃ
930 3095 1017 3168 δεῦρο,
1040 3094 1148 3150 δεσποί·

110 3159 147 3218 ὃν
163 3165 258 3234 cepto
275 3161 410 3227 κατέδων,
433 3159 523 3217 πάτον
541 3159 590 3215 ι’ν-
843 3184 890 3233 eope
907 3166 995 3231 τύχας.

281 3231 412 3305 epotam
428 3230 566 3285 ἀλεείνων.
675 3237 715 3286 14.
737 3234 829 3285 Medea
842 3235 930 3288 wurde
947 3237 973 3286 in
986 3235 1094 3287 Korinth
1106 3247 1149 3283 urn

72 3302 256 3356 prorniscue
271 3303 359 3354 Ebene
377 3305 419 3368 lag
438 3304 479 3353 bei
496 3301 589 3353 Mallos
640 3302 685 3354 der
702 3302 815 3367 Glauke,
840 3304 885 3356 der
901 3302 1014 3355 'l'ocbter
1037 3302 1083 3354 des
1099 3299 1152 3352 Kn-

72 3374 103 3424 in
133 3371 238 3423 Cilicien
268 3371 321 3423 und
349 3371 420 3422 batte
447 3370 512 3421 nach
539 3369 589 3420 den
641 3372 698 3436 nigs
717 3368 802 3421 Kreon
821 3372 917 3436 willon,
933 3387 986 3423 von
1003 3371 1077 3423 lason
1094 3384 1152 3419 ver-

72 3439 166 3493 Scbol.
189 3455 212 3490 ε.
229 3438 303 3491 llom.
326 3439 343 3489 Ι.
361 3438 379 3489 1.
401 3438 472 3490 ibren
491 3438 589 3489 Namen
641 3440 738 3490 stotsen
763 3436 813 3488 und
839 3439 981 3492 ermordete
1004 3455 1049 3490 zur
1065 3437 1151 3488 Racbe

73 3509 145 3561 eben
166 3501 222 3561 dard
239 3509 287 3573 τῆς
303 3506 351 3558 τοῦ
369 3503 589 3574 Βελλεροφόντου
641 3506 715 3557 dabir
734 3505 790 3556 ihre
806 3509 995 3570 gemeinsamen
1015 3505 1116 3558 llinder.

72 3573 150 3642 ἄλην.
184 3575 230 3628 Ilie
248 3575 344 3628 Trauer
362 3574 407 3627 des
424 3574 490 3626 Bell.
507 3575 590 3639 bezog
677 3577 716 3626 15.
730 3589 793 3624 uera
805 3602 838 3621 =
851 3593 945 3642 aequo,
956 3578 1037 3638 iustu,
1048 3574 1098 3626 wie
1111 3575 1153 3638 29,

72 3646 135 3698 sich
161 3645 208 3696 auf
232 3644 281 3696 den
305 3642 361 3694 'lod
389 3643 472 3694 seiner
497 3641 590 3694 beiden
642 3644 683 3694 73.
706 3640 764 3692 llor.
782 3644 857 3711 epist.
874 3644 891 3696 l.
910 3647 934 3707 7,
952 3645 999 3697 98:
1018 3642 1109 3693 Metiri
1125 3658 1153 3691 so

72 3711 175 3768 Rinder
186 3713 289 3765 leander
306 3710 357 3763 und
374 3710 519 3774 Laodamia,
537 3725 591 3760 wo·
642 3725 771 3776 paremque
786 3729 835 3764 suo
852 3713 959 3764 modulo
977 3727 1009 3762 oc
1025 3711 1094 3778 pede
1110 3726 1154 3760 oe·

72 3799 130 3837 von
150 3780 265 3834 Glaukos
283 3779 326 3832 bei
344 3778 416 3831 llom.
434 3779 461 3830 ll.
480 3776 521 3830 Vl.
541 3781 590 3831 155
643 3794 704 3829 rum
722 3782 767 3828 est.

75 3853 165 3904 -205
184 3849 288 3902 erzahlt.
679 3849 719 3900 16.
738 3847 803 3900 boec
816 3850 895 3914 quoii
907 3845 996 3912 officii
1006 3847 1079 3913 (Gen.
1092 3845 1155 3910 obi.)
