2550 4410
413 182 508 237 LIBER
525 183 543 237 l.
560 186 600 247 25,
619 188 660 235 tia.
679 187 720 248 26,
738 187 781 238 64.
1094 184 1133 245 67

52 355 203 429 errantia,
220 374 348 434 quorum
364 357 574 418 conversiones
589 356 746 435 omnisque
761 366 859 418 motus
874 359 926 436 qui
941 359 1039 421 animo
1055 360 1134 435 vidit,

54 441 84 501 is
110 441 215 502 docent
240 442 365 503 similem
390 443 521 504 animum
541 460 628 503 suum
650 442 713 502 eius
733 461 813 516 esse,
840 443 891 521 qui
916 463 950 504 ea
976 445 1135 508 fabricatus

55 534 141 587 esset
166 527 197 586 in
224 527 316 589 caelo.
357 528 431 588 Nam
456 546 525 588 cum
546 527 735 587 Archimedes
761 527 864 602 lunae,
880 529 964 601 solis,
1002 531 1135 610 quinque
1156 542 1185 590 63

57 612 228 673 errantium
248 621 347 674 motus
367 613 398 674 in
420 614 573 692 sphaeram
596 612 740 690 inligavit,
763 613 861 673 effecit
882 614 960 674 idem
982 615 1062 693 quod
1076 617 1133 691 ille,

12 709 32 760 ὁ
56 696 111 775 qui
127 696 159 756 in
177 697 297 758 Timaeo
313 700 457 760 mundum
473 698 635 759 aedificarit
650 697 780 758 Platonis
795 697 884 772 deus,
908 708 942 760 ut
956 701 1089 762 tarditate
1104 712 1135 764 et

57 781 212 842 celeritate
234 783 443 845 dissimillimos
463 791 561 844 motus
582 801 641 843 una
664 791 781 862 regeret
800 785 964 846 conversio.
1000 785 1087 856 Quod
1108 787 1133 848 si

56 867 90 927 in
116 867 176 927 hoc
197 869 310 929 mundo
331 870 395 930 fieri
411 870 475 930 sine
490 871 544 930 deo
562 887 623 928 non
638 877 750 947 potest,
774 887 812 929 ne
827 869 856 929 in
874 870 998 949 sphaera
1014 871 1133 949 quidem

56 951 181 1012 eosdem
201 962 300 1015 motus
314 954 504 1015 Archimedes
525 954 590 1014 siue
610 953 709 1013 divino
725 954 845 1032 ingenio
860 956 1003 1033 potuisset
1016 957 1133 1019 imitari.

146 1037 217 1098 Mihi
237 1057 307 1100 vero
332 1059 370 1100 ne
391 1041 464 1101 haec
484 1040 603 1118 quidem
626 1039 741 1099 notiora
763 1048 793 1099 et
807 1039 978 1101 inlustriora
989 1061 1090 1103 carere
1106 1043 1133 1103 vi
1144 1049 1182 1106 26

10 1135 32 1186 o
55 1122 159 1183 divina
173 1123 320 1200 videntur,
336 1134 369 1185 ut
383 1145 439 1205 ego
454 1134 504 1185 aut
515 1135 632 1203 poetam
644 1141 731 1200 grave
743 1124 925 1204 plenumque
938 1145 1056 1188 carmen
1069 1128 1133 1190 sine
1154 1142 1184 1192 6¹

54 1207 179 1268 caelesti
200 1209 298 1288 aliquo
322 1213 431 1272 mentis
454 1210 598 1272 instinctu
611 1216 714 1289 putem
728 1210 854 1270 sundere
869 1218 920 1271 aut
934 1211 1133 1291 eloquentiam

55 1293 125 1353 sine
152 1295 263 1355 maiore
290 1297 416 1374 quadarn
441 1298 469 1357 vi
495 1296 587 1356 fluere
613 1295 812 1355 abundantem
834 1297 1011 1358 sonantibus
1035 1298 1133 1361 verbis

56 1375 263 1458 uberibusque
276 1383 441 1443 sententiis.
472 1380 660 1459 Philosophia
672 1398 751 1453 vero,
767 1381 900 1441 omnium
912 1391 1006 1443 mater
1015 1384 1133 1456 artium,

56 1463 131 1541 quid
148 1473 192 1525 est
207 1465 285 1526 aliud
300 1466 366 1540 nisi,
381 1476 415 1527 ut
430 1467 522 1541 Plato,
537 1466 666 1538 donum,
683 1473 716 1525 ut
731 1484 802 1544 ego,
818 1466 971 1527 inventum
987 1468 1133 1530 deorum?

55 1616 106 1664 tia.
138 1612 189 1664 Cic.
207 1615 294 1680 meint,
313 1632 367 1668 was
380 1632 408 1669 er
419 1617 451 1670 de
464 1617 533 1670 deor.
546 1634 570 1670 n.
622 1614 709 1679 Folge.
747 1614 803 1680 Vgl.
821 1615 848 1666 ll.
868 1620 906 1679 19,
919 1619 951 1669 45
965 1634 989 1669 u.
1001 1618 1019 1670 l.
1033 1621 1073 1681 38,
1087 1623 1131 1672 91:

53 1681 83 1733 11.
95 1683 141 1744 -20,
154 1685 183 1734 51
199 1683 339 1736 deutlicher
350 1686 502 1751 ausspricht,
515 1687 571 1738 dass
621 1687 653 1733 ut
667 1688 767 1748 putem.

14 1814 18 1818 Ι
54 1748 207 1803 uerAusdr.
221 1759 341 1803 manns
355 1754 570 1824 collocatam}
652 1766 739 1816 grave
769 1765 829 1804 vom
859 1750 1016 1818 gentegenen
1042 1753 1132 1818 inusti,

53 1818 571 1954 {harwattthzitttimihht‘h
617 1819 1132 1954 iinihiffivhdifiss⁰hi⁰s¹i¹³1¹¹5⁸0⁰

53 1953 140 2005 wahlt
157 1955 202 2006 sei.
398 1906 414 1957 p
527 1906 544 1957 g
656 1929 1132 2016 llsundere.Damitwuddasrnuhc-

92 2026 115 2073 1.
136 2024 226 2073 animo
244 2024 321 2087 vidit,
338 2025 390 2091 vgl.
410 2028 450 2090 16,
463 2028 505 2078 37.
620 2023 675 2075 lose
687 2023 890 2090 Herrorhringen
908 2025 972 2089 ben,
990 2025 1040 2076 wie
1052 2031 1132 2079 unten

91 2093 115 2141 2.
135 2091 229 2142 donarit
248 2083 304 2142 ‘hat
326 2093 415 2158 (durch
433 2093 474 2145 die
492 2094 570 2160 That)
621 2093 1039 2160 44,107undde0r.111.50,194:
1053 2096 1132 2146 Anti-

52 2151 209 2210 hewiesen’.
618 2165 697 2226 pater
719 2162 765 2211 ille
783 2161 910 2214 Sidonius
928 2191 960 2200 —-
976 2163 1073 2215 solitus
1093 2169 1132 2214 est

90 2229 115 2280 3.
135 2243 195 2277 cum
212 2228 262 2279 wie
274 2227 299 2277 in
313 2228 366 2280 Gat.
379 2229 396 2282 1.
411 2232 434 2295 8,
447 2233 492 2283 21:
510 2246 570 2281 casm
620 2245 712 2279 versus
728 2231 897 2281 heoecmctros
911 2230 1031 2296 aliosque
1047 2235 1132 2283 υανίίε

51 2298 206 2361 quiescunt,
225 2298 344 2362 probant
362 2303 424 2358 cet3
443 2315 469 2364 p.
486 2298 569 2351 Deiot.
620 2298 793 2364 mediocrique
801 2302 919 2350 numeris
927 2298 1049 2360 frendere.
1067 2301 1130 2351 Zurn

53 2366 97 2427 13,
108 2366 153 2415 36:
167 2367 257 2414 omnia
267 2367 394 2429 tribuisti,
408 2381 569 2418 mamnomen
621 2365 703 2416 inhalt
720 2367 772 2431 vgi.
785 2383 810 2433 p.
829 2367 904 2417 Arch.
923 2370 947 2427 8,
962 2370 1005 2419 18:
1022 2374 1130 2432 poetam

51 2435 164 2496 regium
182 2435 341 2484 concessisti.
618 2438 718 2483 natura
736 2437 795 2498 ipsa
813 2436 903 2486 valere
915 2437 1048 2485 simoniis
1065 2438 1130 2486 viri-

90 2502 209 2566 qm’nque
221 2505 381 2552 muntium:
400 2500 506 2565 Morcus,
518 2497 568 2554 Ve-
618 2503 666 2551 hus
684 2505 803 2551 coecitarr‘
819 2508 845 2552 et
861 2505 940 2565 quasi
956 2503 1047 2552 divino
1066 2518 1130 2568 quo-

51 2584 113 2631 nus,
132 2568 207 2631 Mars,
224 2568 351 2635 Juppiter,
370 2568 469 2621 Satura.
619 2570 680 2619 (lom
696 2571 796 2633 spirutu
813 2571 917 2630 iollam
937 2568 968 2619 de
987 2585 1022 2620 or.
1041 2569 1069 2620 ΙΙ.
1087 2573 1129 2623 46.

89 2639 115 2688 A.
128 2639 157 2686 in
169 2639 311 2701 sphaeram
327 2637 404 2702 inlrg.
414 2630 453 2688 ‘er
465 2638 568 2689 brachte
621 2640 679 2696 ish
700 2636 820 2688 Schillers
829 2629 904 2687 ‘Grai
920 2652 969 2686 von
983 2631 1132 2703 Habshurg'

51 2706 93 2755 sie
124 2719 157 2755 an
187 2705 257 2756 einer
282 2705 483 2771 himmelshugel
513 2698 566 2757 an'.
619 2704 669 2756 Str.
687 2708 711 2755 5.

52 2773 132 2824 Diese
143 2775 257 2840 sphaera
270 2773 315 2825 des
327 2773 500 2837 Archimedes,
511 2776 567 2826 eine
654 2776 692 2824 13.
711 2777 797 2823 tracter
808 2775 916 2824 ortium.
947 2771 1004 2839 ugr.
1017 2772 1048 2824 de
1062 2790 1097 2825 or.
1110 2773 1128 2826 1.

52 2839 196 2902 Maschine,
218 2841 317 2892 welche
335 2857 368 2892 an
386 2842 456 2893 einer
472 2841 566 2894 Kurhel
619 2845 643 2902 3,
654 2846 682 2893 9:
701 2840 792 2906 Neque
804 2843 875 2891 enim
889 2846 913 2891 te
924 2840 999 2906 fugit
1011 2845 1128 2893 omnium

51 2907 163 2974 gedreht
180 2908 221 2960 die
242 2909 392 2976 Bewegung
415 2909 460 2961 der
478 2909 568 2962 Plane·
619 2909 791 2960 laudaturum
808 2913 910 2960 artium
917 2913 1128 2975 promenti-icam

51 2982 97 3028 teu
123 2977 373 3041 veranschaulichte,
400 2978 465 3028 wird
490 2978 568 3045 cipher
619 2978 754 3042 pecandum
771 2983 798 3028 et
813 2980 891 3041 quasi
903 2982 1045 3043 parentem
1062 2995 1129 3043 curn,

51 3044 222 3096 heschrieben
241 3045 273 3097 de
291 3061 344 3111 rep.
362 3045 378 3098 Ι,
400 3049 444 3106 14;
465 3046 517 3112 vgl.
536 3046 567 3097 de
619 3061 698 3109 quam
716 3047 893 3116 φιλοσοφίαν
911 3046 1007 3097 Graeci
1024 3051 1127 3108 vocant,

50 3114 123 3165 deor.
142 3128 168 3165 u.
182 3113 209 3165 11.
229 3116 269 3176 35,
289 3117 319 3166 87
340 3131 363 3168 u.
382 3113 526 3166 Schomanu
546 3131 567 3166 z.
618 3116 651 3163 ch
670 3114 1127 3165 hominihusdoctisstmisiudiccri.

50 3181 76 3233 d.
96 3180 136 3233 st.
619 3180 688 3234 Brut.
703 3185 744 3243 93,
760 3185 817 3236 322.
844 3181 880 3233 De
892 3181 935 3233 fin.
948 3181 978 3233 V.
992 3184 1043 3244 3,7
1063 3181 1127 3234 wird

86 3252 112 3300 5.
130 3252 159 3298 in
180 3249 295 3314 Timaeo,
312 3265 337 3314 p.
351 3253 383 3301 Au
391 3266 404 3300 c
413 3249 448 3316 ig.
618 3248 659 3300 die
669 3249 834 3316 Philosophia
844 3254 963 3300 omnium
973 3253 1075 3302 artium
1087 3250 1126 3311 of·

89 3319 113 3369 8.
132 3320 190 3367 sine
207 3318 298 3368 divino
316 3321 440 3382 ingenio,
463 3318 515 3383 vgl.
534 3334 566 3370 zu
616 3318 699 3378 ticina
717 3321 837 3384 genannt.

51 3388 93 3448 15,
107 3387 153 3437 32:
171 3402 199 3435 se
210 3415 244 3422 -
255 3386 372 3448 offerret.
653 3389 693 3437 14.
702 3393 733 3436 ut
743 3387 825 3450 Plato,
838 3385 944 3451 Eilipse,
957 3386 1008 3436 wie
1016 3383 1048 3436 de
1055 3383 1125 3437 deor.

88 3457 128 3506 10.
147 3456 179 3503 ut
196 3459 378 3520 ego—putem
391 3446 432 3505 ‘so
450 3453 507 3505 dass
525 3455 566 3506 ich
617 3469 641 3504 n.
654 3453 672 3507 1.
686 3457 727 3519 35,
740 3458 784 3507 97:
802 3459 834 3504 ut
850 3456 964 3516 Ennius,
976 3452 1028 3503 und
1045 3452 1079 3504 ib.
1097 3452 1124 3502 ll.

45 3520 165 3603 plauhen
178 3514 278 3584 sollte',
297 3522 425 3587 abhingig
443 3537 494 3572 von
507 3521 564 3574 dem
617 3524 641 3584 2,
655 3525 684 3573 A:
702 3527 734 3572 ut
750 3523 820 3572 idom
836 3523 954 3573 Erotion.-

45 3588 280 3655 norhergehenden
304 3607 410 3653 carme,
436 3605 483 3641 vor
506 3589 564 3642 dem
650 3591 748 3641 donum
764 3619 798 3627 -
816 3590 934 3640 decroni.
969 3584 1123 3652 Plathim.

48 3672 110 3709 man
122 3657 177 3708 sich
190 3659 232 3708 ein
244 3660 282 3708 ito
292 3657 393 3710 denhen
406 3656 482 3712 kann.
509 3657 563 3711 Aus
614 3673 639 3721 p.
650 3661 681 3709 47
690 3659 720 3709 b:
734 3657 909 3741 φιλοσοφίας
922 3652 1014 3724 γένος,
1023 3655 1057 3709 οὑ
1065 3663 1125 3737 μεῖ-

47 3726 108 3777 dem
127 3724 247 3791 henghen
270 3725 314 3778 der
337 3727 384 3776 mit
406 3743 497 3777 carere
518 3726 563 3779 be·
613 3727 665 3791 ζον
679 3718 794 3795 ἀγαθὸν
810 3717 874 3780 our'
887 3726 975 3792 η’λθεν
989 3713 1125 3793 οὔθ’ήξει

46 3793 320 3846 reichnetenUrsache
328 3794 487 3861 ergiehtsich
496 3795 561 3846 auch
613 3791 685 3847 ποτὲ
710 3795 752 3865 τῷ
775 3795 873 3865 θνητῷ
895 3789 969 3863 γένει
996 3791 1124 3862 δωρηθὲν

47 3862 91 3914 dic
103 3861 313 3928 Ursulissigkeit
330 3862 375 3913 der
392 3862 560 3928 augeiuhrten
611 3857 645 3916 ἐκ
661 3863 748 3916 θεῶν.

883 3946 919 3998 5*
