2550 4410
350 215 444 269 noun
461 217 479 274 c
497 220 539 284 22,
558 221 599 271 ao.
619 222 659 272 51.
1004 219 1044 278 oe

50 389 109 450 Sed
124 388 244 468 plurimi
260 396 365 448 contra
378 388 515 450 nituntur
526 390 700 468 animosque
713 389 796 467 quasi
811 391 907 470 capite
921 391 1043 454 damna·
1056 402 1094 458 22

40 482 124 535 corte
139 474 282 545 multant,
299 491 397 552 neque
413 475 491 535 aliud
508 483 551 536 est
567 474 725 553 quicquam
742 493 796 534 cur
810 474 992 540 incredibilis
1007 479 1043 540 iis
1065 493 1095 544 to

40 577 133 620 rorum
149 560 283 620 videatur
298 559 466 632 aeternitas,
483 560 540 621 nisi
556 560 635 638 quod
648 567 803 638 nequeunt
818 560 912 638 qualis
926 563 1044 625 animus

40 663 135 705 'acans
160 663 288 724 corpore
315 644 487 723 intellegere
513 653 544 705 et
568 645 747 723 cogitatione
777 646 1042 725 comprehendere.

40 729 138 790 ivero
150 729 325 808 intellegant
340 729 434 808 qualis
446 730 484 790 sit
499 730 529 790 in
546 729 611 809 ipso
627 748 764 809 corpore,
781 748 856 808 quae
872 732 1042 793 conforma-

39 832 116 892 quae
132 813 320 894 magnitudo,
344 815 394 892 qui
409 814 508 888 locus,
531 822 596 888 aut,
619 815 644 875 si
658 815 715 874 iam
730 822 854 894 possent
874 815 905 876 in
921 816 1041 877 homine

43 898 128 959 cerni
144 899 255 973 omnia,
281 916 356 977 quae
379 917 461 959 nunc
475 906 552 960 tecta
568 907 648 973 sunt,
664 917 786 961 casurus
800 899 832 960 in
848 909 1041 980 conspectum

40 991 98 1045 rtur
121 983 237 1045 animus
259 1001 294 1044 ae
310 1003 372 1044 non
389 992 472 1044 tanta
486 984 524 1045 sit
535 983 600 1044 eius
614 984 760 1058 tenuitas,
782 991 816 1045 ut
831 985 924 1064 fugiat
938 986 1040 1047 aciem.

40 1077 199 1148 ‚reputent
220 1069 277 1142 isti,
300 1069 350 1147 qui
366 1077 477 1147 negant
497 1068 629 1129 animum
650 1069 715 1130 sine
736 1086 863 1148 corpore
878 1089 910 1131 se
925 1071 1041 1132 intelle·
1063 1083 1091 1133 tt

54 1173 158 1233 posse:
188 1153 333 1215 videbunt
358 1172 448 1232 quem
468 1153 500 1214 in
522 1154 587 1232 ipso
610 1172 736 1233 corpore
758 1154 940 1233 intellegant
970 1156 1042 1217 Mihi

40 1257 83 1299 em
105 1246 241 1299 naturam
262 1238 354 1300 animi
378 1238 508 1299 intuenti
528 1239 622 1299 multo
643 1238 791 1299 difficilior
813 1241 944 1301 occurrit
959 1241 1041 1321 cogi-

42 1371 51 1398 ‚
72 1324 166 1384 multo
182 1324 352 1398 obscurior,
375 1323 470 1402 qualis
492 1323 609 1385 animus
630 1323 661 1384 in
683 1342 810 1403 corpore
832 1324 870 1385 sit
889 1333 1041 1404 tamquam

40 1427 74 1469 ae
90 1409 207 1483 domui,
230 1427 319 1487 quam
335 1408 446 1486 qualis,
468 1426 536 1468 cum
552 1409 660 1469 exierit
679 1417 710 1471 et
729 1410 760 1469 in
783 1409 911 1471 liberum
926 1411 1040 1471 caelum

39 1494 47 1553 i
62 1494 183 1554 domum
199 1511 281 1554 suam
297 1494 420 1554 venerit.
451 1493 514 1554 Nisi
529 1494 619 1567 enim,
636 1493 715 1572 quod
731 1513 893 1573 numquam
904 1495 1039 1570 vidimus

39 1578 94 1659 pale
116 1579 154 1639 sit
176 1578 349 1657 intellegere
373 1597 434 1638 non
449 1597 624 1658 possumus,
648 1587 728 1639 certe
750 1587 780 1639 et
795 1580 883 1640 deum
897 1580 995 1661 ipsum
1011 1590 1040 1641 et

40 1682 94 1723 um
109 1664 240 1723 animum
253 1682 378 1742 corpore
394 1663 549 1724 liberatum
566 1663 744 1742 cogitatione
760 1665 917 1744 complecti
932 1685 1039 1746 possu-

73 1747 270 1810 [licaearchus
295 1748 414 1827 quidem
443 1757 472 1809 et
496 1746 704 1822 Aristoxenus,
731 1747 799 1825 quia
824 1748 951 1813 difficilis
977 1760 1040 1811 erat

40 1905 89 1964 nt':
112 1913 166 1980 vgl
190 1913 222 1965 de
246 1913 289 1966 off.
313 1915 331 1968 l.
351 1916 392 1978 33,
412 1916 473 1966 121:
526 1913 672 1981 quiclrliche
684 1905 814 1974 Lektr'rre';
826 1912 867 1966 lt.
881 1916 963 1976 6,13:
981 1919 1040 1967 riae

40 1986 128 2032 catate
159 1987 249 2032 aretem
278 1997 378 2047 genere
402 1985 475 2033 oilae
524 1985 632 2033 ratione
650 1985 737 2033 animi
749 1983 891 2033 elationem
904 1974 975 2034 ‘eine
993 2000 1040 2036 uu-

49 2052 159 2101 ratione
176 2051 327 2102 morandum
344 2055 384 2100 eat
399 2055 432 2101 ut
445 2050 476 2100 id
525 2049 688 2116 rerudnftige
701 2049 838 2116 Erhebuug
853 2049 900 2102 des
917 2044 1039 2114 Gemdls’3

50 2117 163 2168 coneilio
181 2117 276 2179 fecisse
293 2120 441 2170 uideamur.
525 2117 556 2168 V.
570 2122 611 2184 16,
620 2122 665 2173 48:
678 2121 722 2169 cir
735 2123 897 2185 temperatur
908 2125 1040 2184 comum,

40 2188 117 2251 quari
130 2213 165 2225 ·-
179 2186 303 2238 multant.
333 2186 380 2237 Ein
398 2186 475 2237 rdmi-
525 2188 584 2237 sine
606 2192 686 2238 metu.
722 2186 824 2239 Ebenso
848 2186 894 2239 das
917 2187 1040 2254 folgende

47 2252 145 2318 Bdrger
156 2253 254 2306 kounte
266 2254 337 2305 nicht
349 2253 474 2305 eberhin-
525 2256 555 2304 in
573 2257 632 2320 ipro
650 2270 770 2320 corpore.

40 2325 87 2374 rtet
108 2321 212 2373 werden
230 2322 325 2385 (morte
342 2323 474 2385 multari),
562 2324 602 2374 13.
622 2323 722 2374 domui.
750 2322 826 2374 Diese
843 2321 1039 2388 altertdmliche,

40 2392 145 2455 {capite
160 2393 237 2453 (—ie)
255 2389 435 2441 damnatued.
448 2389 473 2442 lr.
526 2389 591 2441 anch
621 2389 702 2442 durch
731 2389 883 2442 insclrrilten
912 2391 1039 2457 bezeugte

59 2457 238 2523 gerichlliclree
256 2457 411 2509 Erkenntnis
428 2457 474 2508 der
525 2457 600 2508 Forna
613 2458 659 2510 des
671 2456 803 2521 Lotativs,
820 2461 883 2508 stall
895 2456 941 2509 des
953 2461 1040 2523 opiter

40 2526 80 2590 eit,
95 2525 141 2577 des
153 2524 261 2592 Burger-
274 2525 327 2577 und
338 2525 475 2577 Familien-
526 2524 723 2591 gewdltnlichen
731 2525 812 2586 domi,
820 2523 902 2575 findet
910 2525 964 2576 sich
972 2525 1039 2576 noch

40 2609 61 2646 es
80 2593 203 2659 verlustig
221 2593 316 2645 erkliirt
334 2609 396 2645 war.
526 2593 696 2644 anmehreren
704 2592 815 2644 anderen
823 2590 920 2642 Stellen
928 2591 1040 2656 Ciceros,

44 2661 128 2725 Quasi
143 2678 207 2712 vera
231 2662 401 2726 intellegant,
424 2660 475 2713 iro·
525 2676 547 2712 a.
560 2658 589 2712 B.
599 2676 625 2726 p.
637 2658 691 2712 llil.
704 2664 728 2723 l,
739 2662 784 2721 163
798 2657 830 2710 de
842 2657 885 2711 cil.
895 2658 933 2711 lll.
943 2662 984 2723 26,
994 2662 1039 2722 99;

57 2744 89 2780 an
112 2728 158 2780 das
180 2728 394 2795 Vorlrergelrende
417 2728 473 2780 sich
525 2728 609 2780 lerner
621 2727 653 2779 ad
666 2726 722 2779 Her.
734 2727 775 2779 lV.
786 2729 829 2792 30,
837 2730 867 2779 41
879 2744 904 2780 u.
916 2731 940 2780 6.
966 2726 1040 2780 Auelr

40 2796 161 2861 descend,
182 2797 233 2848 wie
246 2799 288 2860 35,
301 2799 348 2860 85,
367 2799 408 2862 38,
427 2799 472 2858 92;
524 2796 629 2848 alienae
652 2796 687 2848 ist
704 2794 743 2848 als
764 2795 874 2848 Lolrativ
894 2811 927 2848 zu
944 2795 1040 2862 sussen,

48 2868 90 2930 11,
107 2863 159 2916 und
176 2864 250 2917 diter.
524 2863 677 2916 entstanden
696 2878 742 2916 aus
759 2864 872 2929 adonai,
890 2864 941 2917 wie
960 2863 1042 2916 Grae-

40 2935 64 2983 re'
86 2934 142 2983 iam
164 2924 253 2984 ‘wenn
280 2932 347 2984 deun
371 2931 473 2999 einmal,
524 2935 583 2983 ciae
605 2935 668 2984 stall
688 2935 719 2982 in
744 2931 858 2984 Graecia
881 2930 914 2983 de
930 2947 984 2998 rep.
1002 2932 1040 2985 tlt

56 2992 196 3062 wirltlich'3
214 2999 320 3065 vg1.ttt
334 3003 430 3065 31,65.
524 3003 615 3065 9,14:
641 2999 770 3052 Graeciae
795 3003 868 3051 simet
892 3000 968 3065 apud
991 3015 1041 3052 nce

40 3068 162 3119 videatur
181 3067 232 3120 und
250 3071 285 3119 rit
305 3068 339 3120 ist
357 3068 423 3120 noch
441 3084 473 3120 au
524 3067 637 3119 delubra
649 3069 774 3119 lamanir
789 3073 944 3120 consecrata
960 3069 1041 3118 dmu-

56 3153 118 3186 oera
136 3152 168 3187 au
187 3136 285 3188 richen.
315 3135 379 3187 Zum
391 3135 475 3187 inhalt
526 3136 617 3188 laem

40 3221 56 3270 p.
75 3204 128 3255 lilii.
147 3205 189 3268 31,
202 3206 247 3257 84:
264 3204 380 3270 proinde
398 3206 476 3269 quasi
562 3206 603 3257 14.
620 3202 684 3255 Nisi
701 3205 833 3255 enimcet
864 3201 964 3256 Positiv
982 3218 1040 3256 aus·

40 3287 81 3323 am
101 3275 187 3338 ipsam
211 3277 337 3336 meatem,
362 3287 415 3336 qua
432 3287 475 3322 aa·
528 3270 653 3337 gedrr‘relat
662 3271 697 3322 ist
708 3269 884 3324 derGedanke
894 3270 1041 3338 folgender:

40 3357 57 3405 r,
76 3356 128 3405 qua
143 3340 325 3405 precidamur,
343 3355 397 3405 qua
410 3341 476 3390 daec
527 3339 559 3391 Sc'
577 3338 640 3391 oder
652 3339 785 3402 Quoniam
801 3342 872 3389 enim
890 3367 921 3377 -
940 3339 1042 3390 intelle·

44 3410 150 3473 agimur
176 3412 203 3458 et
230 3408 359 3471 dicimus,
385 3407 476 3458 cidere
524 3423 590 3472 gere
610 3410 700 3458 tamen
720 3422 876 3472 poseamus,
898 3412 971 3458 certe
991 3411 1041 3458 cet.

40 3476 100 3527 lane
112 3475 201 3541 quade
212 3480 263 3527 aut
273 3477 321 3526 aba·
329 3478 366 3526 rit
376 3476 476 3527 sentire
526 3473 573 3526 Die
591 3473 681 3526 Worte
699 3478 726 3524 et
742 3475 821 3525 deum
836 3477 925 3538 iprum
941 3478 969 3523 et
984 3471 1041 3524 sind

40 3559 91 3594 nus
528 3567 563 3589 =
578 3545 651 3593 sicut
666 3542 744 3593 deam
763 3545 860 3608 ipmm.
895 3539 922 3592 S.
940 3539 964 3592 d.
982 3538 1042 3592 luit.

40 3610 476 3678 Haecreputeatirti—-oidedunh
528 3610 646 3676 Anhang.
765 3661 769 3668 ,

40 3721 45 3745 ,
64 3681 97 3732 36
116 3694 146 3729 zu
168 3677 241 3730 Tolle
258 3707 291 3716 —
308 3679 457 3732 castelerio.
565 3681 605 3731 16.
624 3678 745 3728 &cinam
763 3679 895 3742 animam,
918 3675 980 3727 weil
997 3674 1042 3728 der

40 3765 54 3798 e
79 3762 192 3812 corpere
216 3749 280 3799 etatt
302 3747 373 3798 eines
392 3749 477 3813 negat.
528 3744 702 3798 mensahliche
714 3742 786 3796 Geist
804 3743 846 3795 ein
861 3742 978 3805 Aosflule
995 3742 1042 3796 des

40 3815 109 3880 alive,
127 3814 224 3868 wiell.
242 3816 267 3879 3,
286 3819 313 3866 t:
338 3815 477 3866 acconem
529 3812 670 3880 gotdiehen
689 3812 731 3864 iel.

40 3883 98 3934 alla
125 3882 299 3934 delectatione
320 3873 375 3934 ‘die
400 3897 477 3934 uuer-
564 3884 605 3934 rt.
622 3880 949 3944 chacaaclaaetdra'et.,
966 3894 988 3933 e.
1002 3882 1042 3944 10,
