2550 4410
450 211 545 266 uBuR
560 210 603 266 lV.
622 215 646 277 8,
661 215 700 267 18.
711 216 751 267 19.
1094 214 1134 272 65

56 383 261 463 concupierit,
283 385 357 446 alius
378 386 522 464 potiatur,
545 387 609 466 ipse
625 393 733 447 careat.
769 384 942 448 Obtrectatio
961 395 1135 466 autemst,
1158 380 1186 452 18

18 489 21 497 ’
57 489 92 531 ea
108 487 197 549 quam
213 469 344 549 intellegi
360 468 563 554 ζηλοτυπίαν
579 472 662 545 volo,
678 470 831 550 aegritudo
847 489 883 530 ex
898 490 948 545 eo,
965 473 1045 550 quod
1060 474 1135 535 alter

57 574 179 634 quoque
195 555 324 634 potiatur
347 575 398 629 eo,
424 558 504 635 quod
527 557 589 637 ipse
611 556 824 635 concupiverit.
869 556 1068 620 Misericordia
1090 569 1136 620 est

56 641 211 718 aegritudo
227 659 261 700 ex
278 639 395 702 miseria
410 641 531 704 alterius
546 642 653 702 iniuria
668 639 844 716 laborantis;
864 660 954 702 nemo
969 642 1049 703 enim
1064 662 1135 723 par-

15 737 34 790 t
55 726 166 786 ricidae
181 734 232 785 aut
255 726 415 804 proditoris
431 727 576 807 supplicio
592 727 794 788 misericordia
810 734 1028 803 commovetur;
1043 747 1136 808 uapor

56 810 211 890 aegritudo
232 827 389 891 premens,
420 811 512 891 trictici
532 812 686 891 aegritudo
710 830 746 872 ex
762 811 839 886 eius,
870 813 920 890 qui
935 830 1021 873 carus
1036 813 1133 888 luerit,

54 896 181 957 interitu
203 894 327 970 acerbo,
353 915 470 959 maeror
491 897 643 976 aegritudo
671 896 791 969 flebilia,
816 915 957 959 aerumna
978 898 1132 976 aegritudo

55 980 222 1053 laboriosa,
246 980 328 1042 dolor
349 981 502 1059 aegritudo
526 982 678 1056 crucians,
704 982 872 1043 lamentatio
893 982 1047 1060 aegritudo
1064 1001 1134 1044 cum

56 1066 179 1140 eiulatu,
198 1065 359 1128 sollicitudo
375 1067 530 1144 aegritudo
546 1085 614 1130 cum
629 1067 819 1145 cogitatione,
834 1066 965 1129 molestia
980 1067 1134 1146 aegritudo
1194 1071 1198 1077 ’

10 1158 34 1219 tt
55 1169 256 1230 permanens,
279 1151 437 1228 adflictatio
454 1152 606 1232 aegritudo
622 1170 690 1213 cum
707 1151 860 1212 vexatione
876 1152 1020 1231 corporis,
1038 1154 1137 1233 despe-

54 1240 134 1300 ratio
153 1235 307 1315 aegritudo
323 1235 387 1297 sine
402 1236 461 1297 ulla
475 1256 576 1298 rerum
592 1237 813 1316 exspectatione
828 1236 996 1297 meliorum.

142 1321 225 1392 Quae
253 1328 352 1381 autent
374 1321 506 1383 subiecta
528 1332 600 1384 sunt
620 1322 677 1384 sub
697 1330 820 1395 meum,
851 1339 885 1381 ea
907 1321 948 1382 sic
971 1321 1135 1383 deliniunt:
1160 1336 1189 1387 te

50 1409 205 1486 pigritiam
234 1414 345 1466 metum
377 1408 590 1486 consequentis
619 1405 745 1480 laboris,
778 1414 1000 1469 utmorem
1021 1417 1134 1468 metum

56 1490 298 1564 concutientem,
320 1509 356 1551 er
371 1509 430 1569 quo
446 1493 480 1553 fit
500 1501 534 1553 ut
548 1491 692 1572 pudorem
708 1489 816 1565 rubor,
837 1498 982 1551 terrorem
997 1491 1092 1571 pallor
1107 1501 1138 1553 ct

10 1573 36 1643 ι’
56 1584 172 1636 tremor
195 1585 225 1635 et
245 1574 378 1637 dentium
401 1577 530 1656 crepitus
545 1587 760 1654 consequatur,
782 1579 915 1636 timorem
935 1584 1047 1637 metum
1067 1577 1136 1638 mali

56 1660 343 1741 appropinquantis,
361 1681 500 1742 pauorem
520 1671 634 1724 metum
655 1669 786 1722 mentem
807 1660 874 1721 loco
895 1669 1078 1736 moventem,
1100 1679 1138 1721 ex

55 1746 136 1824 quod
151 1745 222 1806 illud
237 1745 370 1807 Ennius:

93 1867 117 1915 1.
136 1865 312 1928 concupierit,
335 1862 411 1915 niml.
430 1864 568 1914 aemulam
618 1879 674 1926 ror,
698 1861 784 1924 dolor,
802 1861 966 1924 lamentatio,
983 1861 1139 1911 sollicitudo

55 1935 114 1994 (aus
126 1931 296 1993 canulatic);
310 1930 361 1995 vgl.
371 1930 430 1984 zul.
444 1932 485 1997 39,
496 1934 529 1985 93
542 1947 567 1983 u.
619 1929 670 1982 und
685 1930 835 1996 desperatio
852 1928 924 1994 gicht
944 1927 1017 1994 lliog.
1031 1929 1058 1980 L.
1076 1927 1138 1992 (Vll.

53 1997 97 2050 tv,
109 2002 151 2063 11,
161 1999 206 2050 26:
219 1999 351 2049 iudicatio
363 2015 391 2049 ee
401 2001 479 2061 scire,
498 1999 570 2065 qaod
620 2000 680 2063 112)
696 1996 773 2049 lteiue
795 1996 972 2062 griechischen
989 1995 1140 2048 Ausdrirclte

54 2069 174 2126 nesciat,
192 2067 234 2128 20,
252 2068 297 2118 46:
317 2082 378 2116 cam
395 2096 427 2105 -
445 2068 543 2119 uideat.
619 2065 672 2118 uod
689 2063 871 2117 Definitioneu.

92 2134 263 2185 Obtrectatio.
290 2132 363 2200 Diog.
386 2135 412 2185 L.
430 2133 448 2187 1.
469 2138 496 2187 1:
515 2136 571 2198 ζη-
657 2135 697 2187 19.
723 2135 883 2199 pigi-itiones
913 2129 1024 2197 ducac,
1053 2125 1141 2200 φόβος

54 2199 224 2254 larvatae
248 2197 444 2267 liupaldum)
465 2203 512 2254 ἐπὶ
528 2203 569 2267 τῷ
620 2197 768 2268 pal-iciant
784 2201 926 2271 ἐνεργείας.

53 2272 102 2320 καὶ
125 2265 199 2334 ἄλλο)
223 2272 363 2338 παρεῖναι,
384 2263 404 2320 ti
424 2273 470 2320 καὶ
493 2265 574 2321 αὐτὸς
659 2269 674 2303 *
697 2268 790 2320 *lller
813 2268 858 2319 hat
881 2266 1074 2319 uuzweilelhalt
1098 2268 1140 2320 ein

53 2341 118 2402 ixei.
157 2335 229 2389 Stob.
248 2337 302 2388 Ecl.
320 2338 371 2389 eth.
389 2352 414 2403 p.
430 2341 493 2391 tta:
518 2340 574 2402 ζη-
625 2336 797 2388 Abschreiber
814 2337 840 2387 in
852 2336 964 2387 irlteeter
981 2336 1037 2387 Zeit
1059 2335 1141 2399 (nicht

54 2400 272 2458 incantavit
289 2400 378 2469 λύπην
395 2407 441 2458 ἐπὶ
459 2405 501 2469 τῷ
518 2406 573 2457 tre·
625 2404 714 2455 Cicero
737 2403 833 2468 selbst,
857 2403 908 2454 wie
929 2402 984 2454 siclt
1011 2417 1058 2454 ans
1082 2402 1141 2454 dem

55 2491 106 2538 pw
131 2457 575 2542 fflnwffiuw,dea&him-
625 2470 1141 2536 mfflffimqmwmmcawrafflwo

53 2539 148 2607 θυμοῖ.
186 2539 270 2593 Unten
292 2542 333 2604 26,
351 2543 397 2594 56:
425 2544 574 2592 obtrectare·
626 2539 667 2591 die
699 2536 839 2589 Definition
873 2553 924 2588 von
955 2537 1048 2602 pudor
1083 2552 1141 2588 aus-

54 2612 92 2660 tic
104 2614 201 2673 autem,
219 2611 287 2673 augi
302 2609 391 2659 alieno
404 2611 480 2675 banc,
503 2609 575 2675 quod
626 2606 758 2673 gelassen,
777 2610 874 2657 etwa:
893 2604 1025 2670 pudorem
1042 2609 1142 2654 metam

54 2677 87 2727 iet
103 2679 184 2727 ctiam
202 2677 273 2727 aliua
291 2679 395 2727 tabeat.
626 2675 771 2738 dedecoris,
788 2672 855 2723 nach
875 2671 920 2724 der
937 2669 1080 2737 Erkliruog
1097 2672 1142 2723 der

91 2746 115 2798 2.
133 2745 278 2809 aegritudo
301 2761 335 2795 ca
358 2761 397 2795 eo.
432 2743 460 2795 ln
477 2741 572 2796 Defini-
624 2740 739 2795 Stolltcr:
753 2737 886 2805 αἰσχύνην
897 2738 968 2791 εἶναι
999 2736 1067 2804 όβον
1080 2734 1142 2791 ἄδο-

55 2813 144 2864 tionen
170 2811 287 2873 werden,
309 2811 355 2864 der
372 2810 455 2863 Krine
474 2825 573 2877 wegen,
625 2809 691 2873 ttae,
709 2808 771 2860 oder
788 2809 864 2874 (nach
881 2807 945 2860 Gell.
998 2806 1028 2867 ll,
1047 2809 1073 2870 9)
1093 2824 1145 2874 pu-

56 2879 270 2947 pripositlooelle
288 2879 396 2931 Zositze
409 2879 574 2947 geudhnlich
624 2879 717 2929 dorem
733 2879 894 2942 sanguinem
912 2875 1116 2938 diffunderem.

54 2948 125 3001 ohne
142 2948 262 2999 reiteres
286 2963 318 2999 eo
339 2946 505 3000 Substantira
530 2961 574 2998 an·
661 2950 800 2996 terrorem.
837 2943 911 3009 lliog.
929 2944 955 2996 L.
975 2942 1025 2994 vlt.
1045 2946 1093 2997 112
1116 2960 1143 2996 u.

55 3014 499 3082 geschlossen.Vgl.auchauti,tl:
513 3030 574 3065 con·
627 3013 700 3065 Stob.
724 3012 779 3064 Ecl.
801 3011 829 3066 ll.
851 3007 1144 3078 1,ρ.118;1’κπλη-

55 3089 101 3135 tra
120 3086 255 3133 natarum.
629 3079 690 3145 ξιο,
717 3077 802 3149 φόβος
825 3081 855 3131 ἐκ
881 3082 1035 3147 φαντασίας
1063 3074 1144 3128 ἆσον-

91 3153 117 3203 3.
129 3151 326 3202 Mieertcordia.
337 3149 411 3215 lliog.
420 3146 575 3212 Latinae,
628 3143 714 3214 ήθοοο
731 3145 899 3216 πράγματος.
936 3145 1037 3197 Ciceros
1050 3143 1145 3196 llefini·

56 3215 130 3282 λύπη
160 3212 197 3269 oie
232 3219 278 3270 ἐπὶ
311 3211 430 3279 ienitate
458 3235 578 3270 κακοπα-
628 3217 683 3268 tion
700 3216 735 3267 ist
753 3215 809 3267 also
828 3215 885 3266 eine
902 3212 1093 3265 verschiedene.

55 3285 167 3337 θοῦντι.
663 3287 704 3336 15.
722 3285 908 3349 consequatur,
932 3297 952 3332 e.
964 3296 996 3331 zu
1013 3279 1031 3331 1.
1047 3282 1086 3345 16,
1103 3280 1144 3331 36.

91 3357 115 3407 5.
134 3369 236 3418 angor:
254 3348 373 3417 ὄχθος,
399 3348 470 3416 λύπη
493 3349 576 3421 βαρύ·
661 3355 798 3401 timorem:
829 3344 943 3415 δεῖμα,
973 3343 1058 3416 φόβος
1087 3341 1145 3398 dict

55 3436 151 3474 νουσα.
627 3417 761 3485 ἐμποιῶν.
796 3415 990 3468 Cicirbereieht
1008 3414 1145 3465 beiseiner

92 3491 116 3541 t.
130 3504 274 3540 ammae:
293 3482 413 3550 ὀδύνη,
432 3481 503 3550 λύπη
516 3487 574 3538 ἐπί·
629 3484 781 3550 Definiti0n‚
800 3483 855 3535 dale
873 3483 919 3534 das
936 3479 1062 3534 Merkmal
1079 3481 1146 3531 mali

56 3572 154 3618 πονοο;
174 3558 308 3607 ἰσοονίοοα
328 3547 396 3607 ‘sich
414 3557 446 3606 ab
468 3549 577 3606 uilend'.
630 3553 875 3620 appropinquantis
902 3549 962 3602 luein
987 3549 1146 3601 untcrschei-

99 3628 123 3678 9.
155 3624 291 3675 molestia:
325 3619 418 3687 ἀνία,
447 3571 518 3687 lina
549 3622 579 3672 in
631 3620 727 3673 dendes
749 3621 805 3671 sein
827 3617 909 3680 kann,
933 3615 992 3667 weil
1014 3631 1042 3667 es
1064 3616 1146 3669 echon

56 3689 246 3762 διαλογισμῶν
269 3694 389 3757 μένουσα
411 3683 428 3754 ἢ
446 3693 579 3743 ἐπιτεινο-
631 3689 689 3741 dem
702 3684 922 3752 Gattungsbegriff
935 3683 1079 3746 zultomrnt;
1092 3683 1146 3750 vgl.

55 3755 424 3827 pcamadltictatiodaigl
451 3754 580 3821 cacte-
632 3758 716 3822 Ι114.
754 3754 805 3805 Firr
825 3768 912 3820 pavor
935 3752 1000 3831 fehlt
1023 3751 1068 3803 der
1091 3758 1148 3804 ent·

57 3845 101 3893 πη
126 3826 334 3895 στονοχωροῦσα
362 3829 408 3876 καὶ
426 3776 581 3893 duagaptae
632 3821 790 3891 sprecltende
802 3819 901 3887 Begrifl‘
909 3821 951 3872 ber
963 3818 1035 3886 lliog.
1050 3819 1147 3883 Laert.;

56 3891 309 3965 παρασκευάζουσα.
344 3893 394 3945 ror
405 3893 501 3959 tactae,
512 3908 583 3943 mae·
633 3895 729 3944 ebenso
749 3891 789 3941 ldr
804 3887 932 3950 formido.

111 3978 191 4022 Cicero
205 3975 297 4022 Tuscul.
312 3975 340 4020 11.
364 3977 383 4018 8.
396 3975 454 4019 And.
927 3977 943 4026 5
