2542 4394
431 191 526 244 uana
543 192 571 246 u.
592 196 631 256 14,
649 194 690 246 aa.
709 194 750 245 aa.
1072 189 1131 252 125

56 365 203 438 amiseris,
218 363 273 425 etsi
289 363 381 424 amitti
396 361 459 423 non
470 372 568 443 potest
579 365 681 438 virtus,
697 363 749 425 sed
764 364 789 425 si
800 363 891 425 unam
907 365 1061 427 confessus
1076 366 1134 427 eris

56 459 88 512 te
112 469 174 510 non
196 448 319 522 hahere,
343 447 454 510 nullam
469 467 534 510 esse
552 459 580 510 te
596 446 787 509 habiturum?
824 449 901 509 Num
917 449 1007 528 igitur
1027 451 1134 512 lortcm
1156 461 1184 511 33

56 535 172 609 virum,
199 551 271 595 num
286 550 394 613 magno
410 534 523 609 animo,
544 552 615 595 num
631 534 809 612 patientem,
826 552 897 593 num
913 552 1044 613 gravem,
1061 553 1133 596 num

57 621 189 681 humana
205 625 446 679 contemnentem
461 626 547 698 potes
562 617 660 679 dicere
676 626 726 680 aut
742 617 933 679 Philoctetam
949 617 1054 679 illumi
1074 629 1134 680 ate

17 715 33 766 5
56 704 139 766 enim
153 702 229 764 malo
245 703 409 776 discedere,
432 704 484 765 scd
499 703 548 764 ille
563 710 643 765 certe
659 722 721 764 non
738 703 832 778 fortis,
850 705 901 782 qui
918 704 996 764 iacet

312 835 313 838 ¹
416 785 449 848 in
464 799 533 850 tecte
548 787 656 861 antae,

265 870 350 943 Quod
364 870 484 945 dinletn,
500 870 608 952 medan,
623 876 739 952 pensita,
754 871 921 949 fremitibus

265 953 435 1018 Resondndo
450 967 564 1019 mntem
578 957 683 1035 flebilia
697 957 778 1019 voces
792 957 890 1035 refert.

59 1041 129 1102 Non
146 1058 201 1120 ego
222 1039 356 1101 dolorem
371 1040 504 1102 dolorem
525 1060 590 1103 esse
614 1060 691 1120 nego
706 1073 747 1087 -
763 1060 818 1101 cur
833 1041 912 1101 enim
928 1039 1069 1101 fortitudo
1085 1041 1136 1102 de·

10 1136 38 1188 tt)
59 1122 261 1188 sideraretur?
290 1159 332 1170 -
361 1125 413 1186 sed
434 1144 502 1188 euro
523 1126 651 1206 opprimi
672 1125 738 1186 dico
759 1125 909 1205 patientia,
931 1125 956 1186 si
982 1125 1070 1185 modo
1094 1134 1137 1187 est

61 1210 160 1289 aliqua
175 1209 332 1290 patientia;
360 1210 384 1270 si
400 1210 480 1271 nulla
496 1218 554 1286 est,
576 1211 646 1290 quid
663 1227 841 1271 exornamus
855 1209 1073 1290 philosophiam
1088 1220 1138 1271 aut

61 1295 134 1374 quid
149 1295 213 1356 cius
228 1294 350 1355 nomine
365 1294 486 1373 gloriosi
501 1294 623 1357 sumus?
642 1295 753 1375 Pungit
768 1294 869 1369 dolor,
884 1295 931 1356 rel
945 1295 1036 1356 lodiat
1051 1313 1136 1356 sane:

60 1380 86 1442 si
102 1380 202 1441 nudus
216 1398 258 1453 es,
274 1378 309 1438 da
324 1379 472 1458 iugulum;
495 1380 541 1441 sin
556 1390 652 1442 tectus
666 1379 813 1441 Volcaniis
828 1380 926 1455 armis
950 1379 979 1440 id
995 1388 1039 1441 est
1054 1381 1138 1440 lorti-

60 1464 181 1538 tudine,
207 1463 328 1538 resiste;
354 1464 427 1525 haec
450 1465 529 1526 enim
544 1473 589 1540 tc,
616 1464 673 1526 nisi
688 1465 728 1525 ita
743 1465 847 1540 lacios,
874 1473 974 1526 custos
989 1464 1139 1543 dignitatis

10 1557 38 1614 15
62 1549 214 1627 relinquet
234 1555 264 1608 et
284 1548 408 1610 deseret.
447 1549 566 1610 Cretum
589 1549 707 1628 quidem
728 1549 818 1628 leges,
841 1567 914 1628 quas
928 1549 989 1610 sire
1004 1549 1139 1629 luppiter
1160 1557 1189 1608 31

61 1634 124 1696 sive
139 1633 236 1694 Minos
256 1633 367 1709 sanxit,
394 1633 430 1694 da
445 1634 521 1696 lovis
537 1634 654 1713 quidem
671 1634 835 1708 sententia,
862 1643 895 1694 ut
909 1641 1013 1713 poetae
1028 1635 1139 1708 serunt,

61 1719 195 1797 itemque
210 1716 338 1797 Lycurgi
361 1717 513 1781 laboribus
536 1719 676 1780 erudiunt
698 1719 895 1792 iuventutem,
916 1718 1052 1778 venando
1071 1736 1139 1778 cur·

61 1803 167 1877 rendo,
180 1801 338 1863 esuriendo
348 1802 484 1880 sitiendo,
497 1804 623 1884 algendo
636 1803 807 1865 aestuando.
834 1802 957 1882 Spartae
967 1821 1037 1863 vero
1053 1802 1140 1880 pueri

62 1887 101 1949 ad
117 1905 197 1948 arara
212 1887 254 1949 sic
268 1887 443 1950 verberibus
457 1889 653 1968 accipiuntur,

100 2025 123 2073 1.
141 2023 198 2084 etei,
217 2019 268 2071 wie
285 2019 303 2071 l.
322 2022 364 2085 42,
382 2022 423 2073 99.
450 2081 453 2085 7
627 2036 702 2070 =ea
711 2020 873 2086 gloriamur.
899 2017 957 2085 Vgl.
971 2017 1003 2070 de
1015 2017 1058 2069 lin.
1070 2016 1088 2069 I.
1101 2021 1140 2084 15,

98 2089 146 2139 sed
167 2087 258 2139 nimmt
279 2087 329 2138 den
356 2088 577 2140 unterhrochenen
630 2089 675 2140 49:
690 2089 908 2153 neopatientiam
917 2087 1082 2137 laudunicae
1092 2102 1140 2137 no·

64 2155 218 2220 Gedanlren,
238 2155 288 2207 wie
301 2155 379 2207 *oben
396 2160 418 2220 1,
437 2157 461 2221 3,
481 2155 578 2208 wieder
629 2158 712 2218 mine;
724 2154 751 2207 ll.
768 2160 792 2220 l,
803 2159 848 2209 21:
862 2158 916 2222 qni,
930 2171 989 2206 eune
1003 2157 1142 2206 lnnnmose

63 2223 112 2277 auf
127 2223 180 2276 und
197 2221 348 2275 rekttfizien
365 2223 408 2275 ihn
425 2223 551 2289 augleich.
629 2226 758 2286 viverent,
774 2239 829 2274 non
841 2224 1100 2289 reprehenderentur
1112 2239 1141 2274 ee

99 2294 125 2347 2.
154 2292 256 2342 nullane
283 2307 337 2341 eree
363 2296 389 2341 te
415 2293 579 2355 habituram,
629 2293 749 2352 nomine;
768 2290 800 2342 ad
818 2290 878 2344 lam.
896 2290 924 2344 ll.
946 2295 968 2357 1,
989 2295 1014 2344 1:
1036 2295 1143 2342 nomine

63 2359 147 2412 Lehre
164 2357 208 2411 der
226 2357 338 2420 Stoiker.
629 2359 816 2424 neglegentiae
830 2360 916 2415 alieni
927 2375 980 2409 esse
992 2364 1143 2424 suspectam

100 2431 126 2479 4.
149 2432 198 2477 ant
213 2426 387 2478 Philoctetam
408 2426 493 2477 illurn.
528 2425 579 2477 llas
630 2442 655 2478 u.
675 2425 726 2492 dgl.

64 2494 162 2547 aweite
185 2493 259 2546 Glied
280 2499 329 2545 ant
356 2500 380 2546 te
404 2495 440 2546 ist
464 2508 510 2545 aus
534 2491 580 2544 Ur·
637 2493 754 2557 ⁴fodiat
772 2483 912 2544 ‘wrihlen’.
954 2490 1013 2556 Vgl.
1032 2490 1096 2543 Phil.
1114 2491 1143 2546 ll.

65 2563 168 2616 hanitit
184 2560 415 2614 unterdrr'rclrtund
427 2560 506 2613 durch
523 2561 580 2612 eine
632 2563 673 2625 34,
692 2562 734 2613 86;
760 2558 833 2610 Nam
857 2564 1008 2626 enspeetaa,
1032 2560 1095 2609 daem
1119 2565 1144 2610 te

66 2629 164 2683 andere
182 2628 319 2696 Wendnng
336 2633 431 2682 ersetzt
448 2627 563 2680 worden.
631 2626 878 2688 stimulisfediam?
890 2628 954 2677 haee
964 2627 1145 2692 te-laeerat,

103 2699 128 2751 6.
145 2699 246 2762 umido,
264 2712 285 2748 s.
303 2713 336 2750 au
348 2696 365 2749 l.
380 2701 420 2762 11,
431 2700 474 2750 40.
507 2683 581 2747 hort·
632 2699 697 2748 haec
715 2700 839 2748 anenno
855 2695 951 2746 oratio.

67 2780 134 2834 gens
150 2765 203 2831 rgl.
222 2765 253 2817 dc
271 2763 316 2817 fin.
332 2763 360 2817 ll.
374 2768 415 2830 29,
427 2767 472 2819 94;
493 2762 583 2829 Turpe
669 2766 714 2817 13.Ι
735 2763 837 2828 nudae,
863 2763 916 2829 vgl.
940 2761 959 2817 1.
978 2765 1019 2828 35,
1038 2765 1082 2824 86;
1110 2763 1144 2813 da

65 2833 218 2902 putandam
240 2838 290 2896 ert,
317 2848 372 2884 non
399 2834 459 2885 dieo
485 2833 582 2897 dolere,
634 2829 1146 2897 iugulum,wieeinhesiegterliladiator
1234 2840 1237 2845 ’

66 2902 116 2954 aed
139 2916 258 2953 eanum
280 2900 351 2952 iliad
372 2901 513 2952 Lennium
531 2901 584 2952 ela-
634 2900 731 2953 seinem
741 2899 848 2966 Gegner.
866 2897 1147 2966 llgl.lt,41:ferrnm

66 2986 142 3022 more
154 2969 315 3020 Philocteteo
329 2967 477 3032 funestare,
490 2968 585 3032 Quod
635 2971 762 3033 recipere.

68 3034 384 3097 eiulatu-refert.
429 3034 476 3087 Die
504 3034 584 3087 llerse
675 3037 812 3088 Volcaniis
829 3037 920 3097 amnia,
940 3035 989 3086 wie
1001 3033 1086 3086 Achill
1104 3033 1146 3085 bei

68 3104 128 3159 sind
146 3119 193 3157 aus
210 3103 269 3155 dem
280 3101 584 3166 Philolrtetdeshccins,
635 3103 730 3156 llomer
749 3103 810 3168 (und
827 3104 929 3155 Aeneae
947 3102 989 3154 hei
1006 3100 1113 3168 Vergil).
1238 3101 1241 3107 '

67 3188 114 3226 wo
127 3170 300 3224 sienatdrlieh
312 3187 369 3223 vor
381 3170 532 3224 denchen'l
553 3173 584 3223 19
673 3175 712 3225 15.
732 3171 838 3223 Cretam
857 3170 963 3236 quidem
981 3171 1058 3235 leges,
1077 3184 1097 3221 s.
1115 3185 1147 3221 au

68 3240 188 3294 citierten
210 3238 351 3305 gastandan
368 3239 452 3290 hahen
465 3209 582 3299 werden.
636 3239 654 3292 l.
673 3241 715 3303 33,
734 3239 1089 3304 801Are‘rtoteleeqaidene.

106 3310 130 3362 8.
159 3311 262 3357 enatam
275 3298 369 3358 ‘selhst
385 3297 494 3359 stumm'
512 3306 584 3373 giebt
671 3310 710 3360 16.
729 3311 761 3358 nt
772 3311 872 3372 poetae
890 3305 992 3368 ferant.
1017 3304 1090 3359 Hom.
1101 3303 1148 3356 (ld.

68 3374 156 3430 nehen
173 3375 324 3425 resonando
346 3390 423 3426 voees
440 3373 526 3436 refert
542 3373 583 3426 ein
634 3373 699 3426 Xlll.
719 3377 768 3426 179
786 3374 862 3426 heilst
879 3371 963 3425 hlinos
976 3365 1046 3436 Διὸς
1062 3365 1149 3442 μεγά-

67 3443 182 3497 senones
202 3433 359 3525 ὅξύμωρον.
515 3499 523 3524 ,
635 3445 688 3497 λου
706 3434 848 3512 ὀαριστής.

108 3515 148 3564 10.
166 3513 191 3560 ri
207 3512 286 3562 modo
319 3525 396 3562 wenn
419 3509 532 3576 anders,
551 3532 584 3551 =
672 3513 712 3562 19.
726 3512 763 3561 ad
772 3525 858 3574 aram,
868 3524 903 3562 sc.
914 3508 1020 3558 Dianae
1031 3506 1148 3559 Orthiae.

67 3583 96 3632 se·
113 3579 232 3646 quiderm
251 3578 347 3631 ebenso
366 3581 407 3642 22,
426 3581 467 3632 51.
636 3576 847 3644 1151112111.
879 3574 1037 3639 Diejenigen,
1050 3574 1149 3627 welche

108 3650 149 3700 11.
167 3646 234 3712 qaid
245 3661 408 3698 exornamus
418 3645 586 3712 philosophi·
637 3645 680 3698 hei
703 3643 748 3696 der
768 3643 912 3708 jihrlichen
930 3640 1078 3709 Geilselung
1099 3642 1150 3694 den

69 3718 134 3768 aen?
151 3712 425 3780 S.a.l.d'l,112u.vgl.
432 3713 460 3767 ll.
468 3716 543 3778 5,12:
553 3729 587 3764 ne
638 3712 700 3778 Sieg
712 3711 756 3763 der
769 3708 989 3777 Standhaltiglreit
1001 3707 1086 3764 daron
1098 3713 1150 3763 tru-

67 3783 270 3853 philosophiam
277 3780 350 3843 falsa
360 3782 453 3848 gloria
465 3797 586 3833 exornet.
638 3795 697 3847 gen,
714 3779 813 3831 hiessen
829 3783 999 3852 βωμονῖκαι.
1046 3832 1057 3844 „

110 3853 149 3906 12.
169 3853 227 3902 eius
243 3852 352 3902 nomine
365 3850 484 3916 glorian·
496 3865 587 3901 eumue
672 3849 825 3900 verteribus
837 3850 1015 3915 accipiantur.
1040 3845 1150 3899 nnnlieu
