2550 4410
378 221 473 275 11Βὶίί
488 223 517 276 ll.
537 227 560 288 l,
578 226 603 276 3.
621 227 645 277 4.
987 227 1046 286 107

41 413 60 452 o
75 392 146 471 quia
161 411 283 454 necesse
297 401 342 454 est
356 394 448 469 mori,
464 414 567 456 verum
588 396 676 456 etiam
692 395 759 474 quia
776 397 849 457 nihil
865 398 953 460 habet
967 418 1048 462 mors

40 477 53 537 l
67 478 106 539 sit
120 479 313 554 horrendum,
335 486 461 540 mortem
478 499 539 541 non
556 481 647 554 timet,
670 499 811 560 maguum
826 481 850 543 is
864 483 921 544 sibi
935 485 1048 562 praesi-

40 582 54 622 u
66 562 102 622 ad
117 562 233 623 beatam
244 563 331 624 vitam
343 565 531 643 compararit.
562 564 749 645 Quamquam
761 585 822 628 non
835 586 938 630 sumus
953 568 1048 646 ignari
1070 580 1084 629 3

40 657 81 709 tos
102 648 232 710 studiose
253 657 359 709 contra
381 667 445 710 esse
461 649 608 725 dicturos,
628 651 711 729 quod
734 651 825 712 vitare
852 653 933 713 nullo
958 654 1047 715 modo

40 733 136 808 imus,
164 733 221 794 nisi
244 732 317 793 nihil
333 734 456 794 omnino
472 734 681 797 scriberemus.
712 735 831 797 Etenim
846 736 871 798 si
887 738 1045 810 orationes,

40 836 113 878 anos
123 817 319 880 multitudinis
330 819 439 879 iudicio
457 819 578 898 probari
593 820 765 882 volebamus
779 855 821 866 -
835 823 987 902 popularis
1002 833 1048 885 est

40 920 51 961 1
67 903 115 962 illa
130 902 253 963 iacultas
264 912 294 963 et
305 904 429 965 ellectus
443 904 631 983 eloquentiae
643 914 687 967 est
700 905 885 967 audientium
899 907 1047 987 approha-

40 1022 80 1060 -,
103 987 155 1049 sed
175 988 200 1048 si
220 987 449 1067 reperiebantur
469 1008 531 1051 non
548 989 622 1050 nulli
638 991 689 1068 qui
711 991 784 1051 nihil
799 991 968 1066 laudarent,
991 993 1048 1054 nisi

40 1072 98 1133 lse
114 1073 222 1133 imitari
238 1091 325 1151 posse
343 1074 543 1149 confiderent,
560 1093 708 1154 quemque
723 1077 862 1155 sperandi
878 1077 950 1150 sihi,
973 1096 1047 1139 eun·

53 1157 130 1219 bene
145 1157 262 1218 dicendi
276 1160 368 1219 linem
382 1168 589 1239 proponerent
603 1169 646 1235 et,
663 1178 731 1220 cum
746 1160 947 1222 obruerentur
962 1163 1048 1241 copia

40 1244 188 1303 entiarum
214 1252 302 1321 atque
327 1243 502 1318 verborum,
523 1245 706 1305 ieiunitatem
733 1257 762 1306 et
787 1246 894 1306 famem
915 1265 946 1307 se
960 1247 1047 1308 malle

40 1346 61 1387 n
82 1327 247 1388 ubertatem
268 1337 298 1388 et
318 1328 434 1407 copiam
455 1329 606 1404 dicerent,
629 1329 707 1390 unde
724 1338 788 1391 erat
802 1339 939 1391 exortum
952 1350 1048 1410 genus

40 1431 137 1473 :orum
150 1413 187 1474 iis
201 1413 290 1491 ipsis,
312 1413 407 1492 quiid
422 1414 507 1491 sequi
521 1433 553 1476 se
568 1414 799 1493 profitebantur,
822 1415 974 1494 ignotum,
997 1417 1047 1494 qui

44 1497 256 1558 conticuerunt
275 1516 371 1577 paene
385 1497 422 1558 ah
438 1499 503 1577 ipso
518 1499 585 1560 loro
600 1499 700 1560 inrisi:
726 1499 796 1577 quid
811 1500 946 1562 luturum
962 1509 1048 1580 puta-
1069 1513 1083 1562 1

40 1629 48 1657 ,
70 1601 140 1643 cum
155 1582 288 1643 adiutore
303 1582 430 1662 populo,
453 1603 513 1662 quo
528 1583 687 1644 utebamur
701 1593 804 1660 antea,
827 1603 909 1645 nunc
924 1585 1047 1647 minime

51 1668 94 1727 uti
114 1687 202 1746 posse
223 1665 395 1728 videamus?
423 1667 477 1729 Est
491 1668 571 1729 enim
587 1668 774 1747 philosophia
789 1670 891 1748 paucis
904 1678 1048 1731 contenta

40 1751 134 1827 cibus,
155 1751 375 1813 multitudinem
396 1753 533 1814 consulto
554 1753 618 1832 ipsa
640 1753 865 1831 lugiensciquc
881 1753 936 1832 ipsi
952 1762 981 1813 et
996 1774 1046 1815 su·

40 1845 72 1897 ta
94 1846 124 1897 et
144 1837 252 1911 invisa,
274 1846 308 1897 ut
326 1837 373 1897 vel
393 1837 417 1898 si
439 1838 506 1916 quis
521 1838 689 1899 universam
711 1837 780 1898 velit
793 1837 977 1916 vituperare,
998 1857 1046 1899 sc-

40 1921 71 1982 lo
87 1921 116 1982 id
129 1922 239 2001 populo
255 1922 352 1982 lacere
367 1921 475 2000 possit,
496 1923 541 1983 vel
555 1923 581 1984 si
595 1922 627 1983 in
644 1941 723 1996 eam,
739 1939 828 2000 qnam
851 1941 906 1984 nos
919 1922 1045 1982 maxime

40 2005 134 2082 iimur,
153 2015 278 2068 conetur
293 2007 442 2081 invadere,
465 2025 572 2087 magna
587 2007 697 2069 hahere
713 2006 806 2086 possit
821 2006 927 2068 auxilia
942 2026 959 2067 a
974 2007 1045 2068 reli·

54 2195 148 2242 contro
166 2219 200 2229 -
218 2192 351 2256 dicturos,
375 2206 395 2243 s.
417 2207 449 2243 zu
466 2191 485 2244 l.
534 2193 614 2244 Acten
626 2191 670 2245 der
682 2191 888 2244 Beredsamkeil:
907 2191 949 2244 die
962 2193 1048 2244 asiati-

535 2259 609 2321 sche,
631 2259 767 2325 pomphalt
788 2261 815 2312 in
833 2259 973 2313 Geduullen
995 2259 1046 2311 und

50 2327 158 2377 Etmim
175 2329 361 2378 elocutiones.
390 2325 486 2378 llaraul
536 2325 656 2387 Wortcn;
681 2327 721 2379 die
740 2328 857 2390 attische,
876 2327 977 2380 einlach
995 2326 1047 2378 und

40 2394 131 2446 enach
149 2393 194 2447 der
207 2393 365 2446 Parentheae
383 2393 483 2460 lolqen:
536 2394 697 2459 verstindig;
722 2395 763 2447 die
783 2394 932 2459 rhodlsche,
955 2396 982 2445 in
1004 2394 1049 2446 der

40 2466 139 2512 verulae
156 2466 219 2512 eunt
236 2478 253 2512 o
270 2462 420 2527 nonnullis,
438 2463 486 2526 qui
535 2460 609 2514 blitte
626 2461 743 2514 stehend.
772 2460 831 2513 Nun
843 2462 892 2527 gah
905 2477 933 2513 es
944 2463 972 2513 in
983 2461 1048 2513 Rom

55 2529 134 2580 batur
155 2529 366 2582 anaboluthiscb:
393 2531 441 2580 aad
461 2531 486 2579 si
537 2533 611 2581 nnler
624 2528 726 2580 Ciceros
738 2527 848 2580 Tadlem
864 2528 971 2580 manche
982 2527 1048 2580 Red-

40 2599 179 2648 n'ebantnr·
196 2614 251 2648 non
274 2599 344 2649 nulli
367 2600 415 2663 qui
435 2603 484 2649 cet.
537 2612 595 2661 ner,
619 2596 718 2648 welche
742 2595 836 2647 attiseh
860 2594 915 2646 sein
933 2595 1049 2667 wollten,

55 2665 104 2716 aed
118 2665 170 2730 vgl
189 2681 220 2718 zu
237 2664 265 2717 ll.
287 2668 326 2730 14,
344 2668 385 2718 32.
537 2666 598 2717 aher
609 2679 657 2716 nur
670 2663 802 2724 nhchtem,
820 2662 890 2714 schal
906 2662 958 2714 und
970 2661 1048 2714 kraft·

58 2733 187 2797 speranda*
208 2735 272 2784 sihi:
297 2733 344 2785 das
366 2732 421 2785 Ziel
444 2732 486 2783 ihr
536 2733 577 2784 los
599 2746 694 2784 waren.
740 2729 814 2783 blehr
835 2730 945 2783 (ludher
968 2745 989 2782 s.
1013 2731 1048 2782 im

40 2820 44 2850 t
60 2799 198 2867 llollnung,
216 2801 241 2853 d.
259 2801 285 2855 h.
303 2801 417 2853 welches
434 2802 485 2853 aie
537 2799 631 2852 Brutus
643 2815 665 2852 c.
680 2801 724 2861 82;
738 2797 828 2851 Orator
840 2802 887 2851 cl
901 2815 925 2852 u.
939 2801 983 2860 233
997 2798 1050 2851 und

40 2869 152 2920 treichen
170 2867 270 2930 hollen;
292 2871 356 2920 bene
378 2869 486 2920 dicendi
538 2867 569 2920 de
588 2872 641 2934 opt.
660 2883 717 2933 gen.
736 2873 800 2920 orat.

40 2953 64 2988 a:
82 2935 128 2988 das
146 2936 254 2988 hbcbste
271 2937 334 3002 Ziel,
352 2937 376 2990 d.
395 2938 420 2988 h.
438 2935 484 2988 das
572 2939 612 2988 14.
630 2934 1050 3002 soro,vgll.44,106:thcctris.

58 3005 103 3056 der
111 3004 312 3058 Beredsamlseit,
333 3004 389 3071 llgl.
409 3004 484 3068 On'l,
572 3007 611 3056 11.
624 3006 692 3069 ipsa,
705 3004 729 3056 d.
740 3004 765 3057 h.
774 3004 854 3056 ihrem
865 3002 960 3055 Wesen
969 3001 1049 3060 nach3

40 3071 116 3124 Nunc
130 3077 235 3124 tantum
256 3076 368 3140 quiaque
381 3073 483 3135 laudm,
534 3078 658 3136 suspecta
674 3076 701 3122 ct
722 3074 825 3135 invisa,
852 3070 904 3136 vgl.
925 3069 1006 3133 1111,
1027 3073 1049 3124 1.

40 3146 103 3191 itum
124 3159 152 3191 se
170 3157 250 3208 posse
265 3147 355 3205 eperat
371 3143 485 3192 incitari.
573 3141 611 3192 18.
629 3144 781 3190 universam
799 3132 849 3191 ‘sie
867 3139 902 3191 im
918 3137 1050 3204 allgemei-

40 3209 116 3261 teine
125 3209 193 3260 leiue
204 3208 348 3275 Wendung,
360 3208 484 3260 wodurch
535 3199 603 3260 nen’.
621 3206 657 3259 So
669 3207 755 3273 gleich
767 3207 890 3259 nachher:
909 3209 1050 3258 universae

39 3292 60 3329 fo
87 3276 136 3328 den
161 3276 279 3342 Gegnern
306 3276 355 3347 den
381 3275 485 3341 blangel
534 3274 721 3340 philosophiae
743 3277 986 3341 vituperator-idun
1009 3272 1049 3324 lll.

40 3343 181 3396 t'l'alentes
199 3343 305 3410 heilegt,
326 3344 439 3396 welches
457 3359 485 3395 er
536 3345 601 3403 3,6:
620 3343 652 3394 de
663 3345 790 3393 nniverec
803 3343 989 3408 philosophia3
1007 3342 1050 3405 31,

40 3413 110 3464 them
127 3412 209 3464 Grade
227 3411 321 3464 hesals
538 3413 582 3463 82:
600 3413 753 3460 nniversam
765 3409 971 3474 aegritudinem.
991 3406 1049 3473 Vgl.

40 3478 485 3546 .snmam,indieserdhertrapenen
536 3479 554 3531 l.
572 3481 614 3543 41),
632 3479 714 3530 9511
732 3479 762 3527 in
780 3480 853 3528 omne·
874 3477 981 3527 virtute.
1030 3542 1036 3552 θ

40 3555 123 3614 utung
138 3564 191 3600 von
203 3547 290 3599 Cicero
308 3563 355 3600 nur
372 3548 427 3600 hier
441 3562 485 3612 ge·
569 3545 686 3596 seeundo
700 3544 802 3624 popqlo
817 3536 904 3595 ‘untes
916 3541 975 3592 dem
991 3540 1049 3592 lier-

40 3616 87 3668 cht.
536 3613 582 3665 lall
600 3612 646 3664 des
665 3609 778 3675 Vollcea,
797 3611 846 3662 wie
870 3608 902 3660 de
920 3609 978 3676 lege
996 3623 1049 3674 agr.
1069 3636 1072 3641 ·

41 3725 47 3738 .
65 3685 136 3736 unde
152 3676 213 3736 ‘aus
231 3683 357 3735 welchem
373 3681 484 3748 Princip,
534 3681 564 3733 ll.
574 3683 616 3744 37,
627 3679 812 3732 iblnecundo
829 3680 954 3729 contione
965 3677 1050 3743 legem

40 3752 149 3804 welcher
166 3743 301 3803 Deukart'.
535 3748 656 3800 madere.

39 3837 91 3871 nus
114 3822 275 3871 Atticorum.
315 3817 375 3869 blan
399 3823 485 3870 unter·
572 3818 612 3869 19.
630 3816 660 3864 in
677 3828 744 3879 cam,
763 3811 804 3865 die
822 3811 902 3865 hehre
920 3811 966 3866 der
982 3812 1051 3866 hira·

40 3887 60 3940 ed
73 3889 139 3940 nach
151 3886 256 3949 Quintil.
269 3886 372 3951 xfl.1o‚
385 3887 418 3937 26
431 3885 485 3937 drei
536 3884 627 3937 demie.
