2542 4394
439 204 533 258 urana
549 204 577 258 11.
597 210 637 273 17,
656 210 697 261 ao.
721 210 763 262 oo.
1076 209 1136 270 129

189 371 452 456 Noopdte‘eoccedi.
470 376 503 440 P.
526 376 607 439 Ce'rte
617 376 783 457 Eurypylus
793 364 839 439 di'c
850 379 963 459 quidem
974 390 1022 442 eet.
1034 380 1139 443 Horae·-

409 533 413 538 .
839 481 904 524 nem
919 464 1095 526 coercitum!

56 544 115 605 Ubi
131 550 245 605 tantum
260 544 358 605 luctus
374 547 575 622 continuatur,
597 545 662 607 ride
677 558 766 624 quam
782 566 844 609 non
860 547 997 608 debiliter
1011 567 1136 630 respon·
1154 559 1186 613 11

59 627 137 703 deal,
152 628 296 690 rationem
314 630 402 690 etiam
417 630 529 692 adierat
543 647 598 692 cur
614 648 708 709 aequo
726 632 824 693 animo
841 632 897 694 sibi
911 632 1068 695 serendum
1083 635 1135 696 sit:
1160 647 1189 698 30

20 727 35 776 5
365 713 400 775 Ε.
429 715 491 787 Qui
504 719 590 778 dleere'
604 718 832 796 eoitidmporot,

145 797 221 859 Ilum
236 803 309 860 eolre
323 808 433 880 oportet
447 798 507 861 etde·
517 810 653 881 purorum
664 801 775 881 pestem
788 813 822 863 ot
834 801 987 883 participer
997 821 1109 883 parem.

57 882 194 944 abducet
208 882 377 957 Patricoles,
393 884 499 961 credo,
519 893 552 944 ut
567 885 703 946 conlocet
718 885 749 945 in
764 885 870 962 cubili,
894 895 928 947 ut
942 886 1047 948 volnus
1063 886 1138 948 obli·

61 975 121 1048 get.
151 967 182 1028 Si
198 967 315 1045 quidem
331 968 420 1030 homo
435 978 523 1046 esset,
546 969 598 1032 sed
614 968 761 1031 nihilvidi
776 971 884 1032 minus.
915 971 1037 1042 Quaerit
1058 973 1139 1033 enim

62 1051 135 1130 quid
149 1062 246 1112 actum
262 1052 319 1113 sit:

10 1147 40 1200 10
148 1137 182 1196 P.
205 1133 353 1216 Eloquere,
370 1137 497 1219 eloquere
510 1140 558 1201 res
573 1139 715 1217 drge'oum
727 1138 838 1219 proelio
853 1151 885 1200 ot
900 1158 929 1200 se
942 1143 1071 1202 stistinet.

147 1221 181 1281 E.
201 1220 278 1367 m
292 1219 372 1324 gdtie
394 1224 487 1302 cesore'
506 1227 620 1285 tomum
642 1225 738 1295 dictis,
763 1226 903 1303 nodotum
917 1225 1003 1303 soccis
1017 1225 1140 1306 edppetit

278 1325 329 1369 ree.

149 1389 276 1461 Quiesce
291 1391 382 1470 igitur
397 1399 426 1452 ct
440 1391 545 1453 volnus
560 1390 669 1471 adligat
696 1391 793 1453 Etiam
808 1393 833 1455 si
848 1392 1015 1474 Eurypylus
1029 1403 1139 1474 posset,

61 1493 123 1536 non
140 1483 241 1554 posset
255 1475 398 1555 Aesopus.

10 1571 37 1623 15
147 1559 181 1619 Ε.
205 1556 275 1621 'doe
287 1562 409 1640 fortuito
430 1558 563 1623 Hectdris
583 1571 713 1631 nostrum
739 1580 833 1623 ocrem
862 1565 950 1662 deiero
971 1562 1141 1624 inclinatum

61 1738 92 1791 et
109 1738 208 1790 cetera
223 1729 350 1809 explicat
370 1730 401 1790 in
424 1730 536 1791 dolore.
567 1730 616 1791 Sic
631 1737 677 1791 est
692 1729 771 1790 enim
787 1642 991 1809 reddidistis
1006 1731 1140 1792 militaris

60 1815 92 1876 in
116 1815 186 1876 lorti
207 1815 269 1875 viro
293 1813 394 1893 gloria.
436 1814 517 1894 Ergo
532 1816 606 1876 hacc
620 1822 780 1876 veteranus
800 1814 884 1875 miles
899 1816 995 1876 facere
1021 1817 1141 1895 poterit,

61 1900 168 1961 doctus
182 1900 226 1960 vir
240 1899 421 1978 sapiensque
436 1918 497 1960 non
513 1897 645 1979 poterit‘l
660 1898 712 1959 llle
727 1917 798 1960 vero
809 1899 915 1961 melius
926 1917 960 1960 ac
975 1918 1036 1960 non
1052 1898 1140 1979 paulo

10 1996 38 2048 eo
63 1983 192 2064 quidem.
223 1983 280 2044 Sed
295 1983 391 2044 adhuc
406 1985 443 2045 de
458 1984 676 2047 consuetudine
692 1984 910 2045 exercitationis
925 1984 1041 2063 loquor,
1063 2003 1142 2044 non·
1162 2000 1193 2051 40

93 2103 178 2167 petie,
193 2100 269 2152 niml.
286 2103 336 2165 eet,
351 2101 402 2152 wie
414 2101 484 2153 nieht
495 2100 578 2154 selten
666 2103 707 2154 13.
725 2099 836 2163 Quiesce
851 2103 941 2165 igiter
953 2103 1044 2152 cet-
1054 2100 1141 2153 Cicero

62 2169 107 2221 bei
125 2167 174 2220 den
192 2167 319 2220 lliehtern.
346 2166 381 2219 So
399 2168 464 2220 auch
478 2172 518 2235 17,
536 2170 577 2222 39.
630 2168 796 2232 unterbricht,
806 2168 946 2234 gleichsam
955 2168 1144 2221 alsZuschauer

99 2238 124 2289 2.
142 2238 290 2287 exeritum
304 2228 431 2302 ‘geplagt
450 2227 578 2303 geqndlt‘3
630 2235 675 2287 der
691 2234 835 2321 llandlung,
852 2236 894 2288 die
910 2236 981 2289 Rede
993 2235 1038 2288 des
1055 2236 1084 2289 E.
1097 2237 1144 2288 mit

63 2303 118 2370 vgl.
136 2306 259 2355 exercuit
276 2302 306 2354 V.
326 2307 349 2368 1,
367 2306 392 2356 3.
630 2303 689 2355 dem
700 2303 790 2355 Zurus:
830 2302 873 2355 Sei
884 2304 1023 2370 alsornhig
1035 2304 1087 2356 und
1099 2305 1143 2357 be·

97 2372 124 2425 3.
152 2371 202 2424 Udi
227 2399 261 2409 —
291 2373 473 2424 continuetur.
501 2370 578 2423 Sino:
630 2369 764 2437 sorgeden
778 2370 896 2423 Verband
910 2367 1142 2432 deinerWunde!';

62 2437 218 2491 Woundere
235 2437 413 2491 nnauihdrliclr
425 2439 578 2506 lllagelante
630 2438 699 2489 dann
716 2437 777 2489 aber
799 2437 868 2490 iahrt
885 2454 913 2491 er
930 2438 968 2490 als
986 2438 1143 2490 Schriitstel·

64 2506 220 2572 ausstolsen‚
239 2504 304 2558 wird
316 2505 374 2559 Eur.
388 2508 459 2560 nieht
470 2508 579 2560 weiner-
630 2505 668 2556 ler
696 2504 759 2556 sort:
785 2499 848 2558 ‘Das
875 2506 961 2569 (niml.
988 2506 1043 2557 sich
1069 2505 1144 2622 ruhig

62 2575 124 2627 liclr.
630 2572 774 2637 verhalten)
800 2572 885 2624 kann
915 2572 944 2624 E.
978 2573 1062 2637 nieht,
1092 2588 1127 2624 un

99 2658 180 2710 quom
196 2657 259 2705 nou,
277 2642 328 2693 πίε
346 2646 369 2706 7,
390 2645 430 2694 11.
630 2656 725 2693 wenn
737 2655 771 2692 or
782 2641 888 2693 selbst
900 2655 928 2692 es
940 2638 1144 2704 annotandae

100 2712 125 2764 6.
142 2711 220 2776 Eum,
233 2708 367 2776 einsilbig;
386 2714 417 2760 ut
424 2711 578 2775 pertidpet,
631 2709 673 2761 ein
686 2707 865 2774 Schouspieler
876 2708 927 2760 πίε
939 2722 1016 2760 unser
1026 2709 1145 2773 Aesopus

63 2777 579 2898 {a„rteclaudlllllaltl
632 2776 748 2897 {illl
764 2768 1147 2910 {trtrtldlrcilla

64 2913 115 2966 den
134 2913 271 2980 folgenden
290 2912 404 2966 Worteo.
630 2912 1145 2979 denrollenlrineineuversetzenpflegt).

98 2985 125 3037 ’1.
144 2981 222 3033 eredo
237 2975 330 3046 ‘wohl
348 2972 579 3046 wahrscheinlich'‚
629 2980 693 3032 Eine
711 2979 897 3033 Schneichelei
927 2981 968 3032 fiir
983 2980 1146 3046 Aesopus,

64 3050 114 3102 rnit
130 3049 207 3102 leiser
217 3049 307 3113 lrouio,
319 3050 371 3102 wie
384 3048 429 3100 des
441 3048 578 3116 Fulgende.
631 3048 675 3100 der
694 3049 797 3102 Ciceros
808 3047 907 3101 Freund
929 3048 971 3113 (de
983 3048 1061 3101 divin.
1075 3047 1091 3100 l.
1106 3050 1146 3114 31,

101 3119 125 3170 8.
145 3117 176 3169 Si
187 3118 293 3184 quidem
311 3119 388 3168 homo
406 3123 481 3168 esset.
505 3115 540 3169 So
553 3132 578 3183 p.
632 3118 674 3180 80)
692 3116 744 3169 und
761 3116 855 3169 Lehrer
871 3117 897 3168 in
915 3115 960 3168 der
971 3115 1147 3168 declamation

64 3184 150 3238 Flacc.
161 3188 185 3251 7,
199 3188 243 3238 15:
263 3185 395 3237 ommam
410 3185 579 3251 praeclarum
631 3183 709 3248 (Plut.
723 3184 773 3236 dic.
784 3187 810 3249 5)
822 3199 884 3239 war.
904 3182 962 3249 llgl.
973 3183 1015 3239 ll'.
1025 3187 1067 3249 25,
1077 3187 1118 3237 55.

64 3253 296 3320 disciplinamque,
312 3269 392 3319 quom
404 3271 421 3304 a
432 3256 581 3305 maioribus
668 3256 708 3305 15.
721 3254 843 3305 Hectoris
854 3253 904 3305 πίε
913 3252 930 3304 l.
942 3254 1147 3316 4010511εο10-

64 3323 235 3388 occepimus!
251 3322 400 3388 Siquidem
418 3326 580 3383 tenerem&
631 3336 695 3371 rem.

63 3389 115 3442 ted
123 3392 213 3441 neseio
226 3405 278 3456 quo
307 3395 366 3441 octo
385 3393 440 3440 iam
452 3391 485 3441 de
495 3391 581 3440 moni·
668 3391 708 3442 18.
725 3390 960 3454 Ergo-poterit,
977 3416 1011 3424 -
1029 3403 1147 3452 non‘po·

64 3460 116 3509 dm
132 3457 256 3510 eluditur.
284 3405 344 3524 igi.
361 3457 399 3509 lll.
418 3459 459 3522 31,
479 3461 519 3512 16.
631 3458 714 3507 terit?
731 3472 751 3508 s.
765 3472 797 3508 zu
809 3455 827 3507 l.
839 3459 879 3520 14,
892 3458 932 3509 31.
955 3454 1057 3506 Ebenso
1069 3454 1147 3505 nach-

103 3527 143 3579 10.
160 3528 281 3578 sustinet
305 3525 354 3578 Iler
370 3525 423 3578 lnd.
441 3527 467 3578 in
481 3525 526 3578 der
543 3525 581 3576 iu·
631 3524 740 3587 110341
753 3544 759 3576 z
770 3525 846 3588 Ergo
855 3526 957 3588 poterit
965 3523 1147 3587 -,υι’ν-Ιια-

65 3592 187 3646 direlrten
205 3592 286 3659 Frage
303 3592 385 3645 findet
397 3594 452 3647 sich
469 3594 511 3646 bei
530 3593 580 3647 den
632 3593 720 3643 dedit?
739 3591 775 3643 Zn
790 3592 883 3657 glorio
900 3590 952 3657 vgl.
971 3591 1012 3653 10,
1030 3592 1071 3643 46.

65 3661 218 3716 sceniseuen
236 3660 357 3714 liiehtern
375 3662 446 3714 nicht
464 3662 555 3715 selten.
669 3661 710 3712 19.
734 3659 779 3710 ille
802 3675 864 3710 oero
880 3679 914 3700 =
927 3660 1007 3708 immo
1029 3657 1147 3723 philoso-

104 3732 146 3783 11.
164 3728 253 3791 ecfari
272 3731 360 3796 passio
372 3730 519 3796 gebraueht
531 3729 582 3781 πίε
632 3728 716 3794 pleon
727 3727 780 3793 vgl.
793 3741 814 3777 z.
824 3726 841 3777 l.
854 3730 894 3790 ll,
909 3727 955 3777 25:
973 3740 1045 3778 vero.

66 3796 180 3861 effatum
198 3797 314 3863 (effatae)
332 3797 398 3850 noch
416 3798 441 3848 in
459 3797 584 3850 derides·
671 3797 712 3848 20.
730 3794 784 3847 Sed
792 3794 881 3845 oddae
890 3797 938 3849 eet.
951 3793 1039 3846 Cicero
1048 3792 1148 3846 sehiebt

66 3864 171 3918 είεείιειι
189 3864 253 3918 Zelt.
637 3862 687 3917 den
699 3861 837 3914 Godanlren
850 3876 882 3913 an
892 3859 942 3914 den
951 3862 1047 3914 doetus
1055 3865 1099 3913 eir
1107 3877 1149 3912 sa-

121 3955 203 4001 cleero
213 3956 305 4000 rueeur.
315 3956 332 3999 l.
346 3958 365 4000 8.
377 3957 433 3999 lud.
929 3950 945 4000 9
