2550 4410
106 218 146 277 86
453 216 548 270 unm
564 216 606 274 ιι.
625 219 718 284 ruso.
737 220 830 285 euos.

106 391 270 454 Carneades
292 389 421 464 solebat,
443 398 543 451 metuo
566 408 604 451 ne
625 389 680 451 soli
700 389 868 470 philosophi
890 390 964 452 ¹sint.
1006 390 1096 463 Quae
1118 393 1187 454 enim

105 478 226 540 istarum
242 476 449 538 definitionum
465 494 526 537 non
542 475 638 555 aperit
653 464 804 551 ultionem
820 484 975 548 nostram,
994 495 1091 556 quam
1105 478 1188 539 lrabe-
1216 492 1223 543 t

105 582 170 624 mus
186 580 289 624 omnes
305 561 340 623 de
355 561 531 623 fortitudine
545 569 654 622 tectam
677 568 764 640 atque
785 559 974 622 involutam?
1008 581 1072 642 qua
1094 574 1187 645 aperta

105 648 171 727 quis
192 655 238 710 est
260 646 311 726 qui
333 655 383 709 aut
404 646 540 707 bellatori
562 656 613 707 aut
639 646 813 726 imperatori
841 654 892 707 aut
921 649 1043 709 oratori
1072 660 1188 729 quaerat

103 734 212 813 aliquid
229 751 328 811 neque
350 752 401 794 eos
416 731 572 793 existumet
586 731 652 793 sine
667 732 749 793 rabie
772 731 933 811 quicquam
953 734 1082 797 sortiter
1096 736 1214 797 laceres

61 830 81 881 'd
102 816 212 900 posse?
242 815 342 888 Ouid?
372 817 473 889 Stoici,
490 817 540 895 qui
557 816 654 879 omnis
668 817 836 897 insipientis
851 817 976 880 insanos
994 838 1066 882 esse
1080 820 1187 891 domo

103 922 205 965 nonne
220 904 274 965 ista
291 900 467 980 conligunt?
496 902 624 963 Remove
644 902 883 982 perturbationes
905 921 1117 986 maxumeque
1136 906 1187 967 ira·

103 989 257 1061 cundiam,
285 988 341 1048 iam
357 987 536 1049 videbuntur
558 995 690 1049 monstra
713 987 820 1049 dicere.
849 987 937 1050 Nunc
953 998 1064 1052 autem
1079 992 1121 1054 ita
1134 992 1187 1054 dis·

103 1084 218 1147 serunt,
234 1073 276 1134 sic
291 1092 323 1134 se
340 1073 437 1133 dicere
454 1072 550 1134 omnis
565 1073 671 1135 stultos
685 1072 833 1147 insanire,
849 1082 882 1134 ut
894 1074 972 1135 male
994 1076 1083 1138 olere
1104 1096 1188 1139 omne

103 1177 236 1221 caenum.
276 1159 313 1218 dt
335 1177 396 1219 non
419 1176 546 1237 semper.
584 1158 757 1232 Commovc,
781 1157 902 1221 senties.
948 1159 1002 1222 Sic
1028 1162 1223 1224 iracunduslt

103 1264 164 1305 non
186 1261 305 1322 semper
327 1243 418 1305 iratus
440 1251 498 1318 est;
521 1243 649 1313 lacesse,
671 1243 728 1305 iam
749 1244 860 1306 ridebis
881 1245 1052 1308 furentem.
1091 1245 1188 1320 Quid?

101 1330 155 1391 ista
170 1328 304 1389 bellatrix
319 1328 480 1402 iracundia,
496 1347 565 1390 cum
581 1330 701 1389 domum
714 1329 810 1404 rediit,
826 1329 920 1409 qualis
936 1338 984 1392 est
997 1350 1074 1394 cum
1087 1352 1187 1403 uxore,

102 1432 169 1475 cum
184 1413 300 1488 liberis,
322 1433 390 1476 oum
405 1412 536 1474 lamilia‘l
565 1433 603 1475 an
619 1422 681 1474 tum
699 1433 819 1496 quoque
834 1423 879 1477 est
891 1414 1000 1477 utilis?
1029 1418 1087 1480 Est
1102 1419 1189 1499 igitur

100 1499 226 1579 aliquid,
250 1500 329 1580 qnod
345 1499 517 1579 perturbata
538 1518 624 1561 mons
638 1500 743 1562 melius
764 1500 859 1581 possit
877 1501 978 1562 facere
1004 1520 1101 1582 quam
1118 1523 1188 1567 con·

100 1582 203 1648 stans?
243 1603 280 1646 an
304 1586 459 1664 quisquam
484 1592 581 1664 potest
603 1585 667 1647 sine
690 1585 913 1666 perturbatione
937 1589 1056 1650 mentis
1078 1587 1223 1653 irascitb

100 1669 181 1732 Rene
203 1670 293 1750 igitur
315 1671 426 1743 nostri,
450 1688 518 1731 cum
542 1670 641 1731 omnia
664 1678 764 1733 essent
784 1672 816 1732 in
838 1671 968 1733 moribus
990 1673 1085 1750 vitia,
1109 1675 1188 1755 quod

101 1757 214 1818 nullum
230 1764 294 1817 erat
308 1755 460 1818 iracundia
475 1756 606 1829 foedius,
629 1756 787 1818 iracundos
802 1757 881 1818 solos
895 1774 1031 1821 morosos
1048 1762 1189 1823 nomina·

99 1850 214 1903 verunt.

61 1903 86 1960 ⁵⁵
185 1927 340 1988 Oratorem
355 1944 425 1987 vero
440 1926 527 1988 irasci
542 1926 665 1987 minime
680 1925 781 2004 decet,
802 1926 941 1990 simulare
967 1946 1034 1992 nou
1053 1932 1184 1995 dedecet.

61 1986 76 2034 ⁵
98 2012 143 2072 dn
158 2012 212 2073 tibi
227 2012 313 2072 irasci
327 2019 391 2071 tum
407 2010 553 2086 videmur,
575 2030 644 2073 cum
665 2012 735 2092 quid
750 2013 781 2073 in
805 2012 902 2074 causis
925 2013 1029 2077 acrius
1046 2026 1078 2079 et
1096 2019 1184 2081 rebe·
1201 2017 1223 2068 ²⁰

97 2127 350 2190 Licetinoeotomur,
363 2130 555 2192 quantumvis.
574 2126 608 2181 So
662 2127 715 2180 und
736 2127 840 2195 reigen,
864 2128 920 2181 dale
944 2139 1001 2189 nur!
1019 2130 1069 2185 der
1089 2132 1183 2200 Weise,

98 2194 130 2246 de
147 2195 198 2260 leg.
215 2193 253 2246 lll.
274 2197 313 2260 10,
332 2196 378 2246 24:
404 2197 525 2260 quamuis
547 2210 609 2245 onu-
661 2196 834 2249 welchervon
847 2195 1182 2256 denLeidenscbeitenlrei

96 2278 182 2313 moror
203 2263 301 2313 multos
325 2262 388 2313 licet
410 2288 444 2309 =
466 2263 529 2314 licet
545 2279 611 2314 onu-
661 2265 705 2329 iet,
723 2265 765 2317 ein
776 2265 878 2318 wabrer
890 2264 1007 2317 bellator
1019 2283 1047 2322 ιι.
1059 2285 1081 2324 s.
1091 2285 1127 2324 ιι.
1138 2274 1181 2325 sei.

97 2346 190 2396 moror,
203 2347 282 2397 quam
294 2332 451 2384 multoovis.
479 2330 529 2383 [las
543 2330 610 2384 Sub·
695 2331 1103 2402 Rmnooo-oidobuntur,wie
1138 2344 1179 2395 53:

94 2397 154 2464 Jelrt
166 2415 198 2451 ιιι
210 2403 370 2452 imoctomur
388 2399 444 2452 sind
457 2399 498 2452 die
510 2399 612 2453 Akade-
662 2404 750 2453 tracta
767 2431 801 2440 -
818 2402 966 2467 intellegor.
984 2401 1068 2458 Sinn:
1121 2408 1179 2461 ollle

97 2468 186 2532 miker,
205 2471 270 2520 istos
287 2468 328 2522 die
346 2467 456 2522 Stoiker.
662 2483 721 2521 ιιιιιι
743 2468 786 2522 die
806 2469 1024 2524 Leidenscbalten
1052 2475 1107 2529 und
1130 2477 1178 2530 ins·
1214 2510 1217 2517 ·

133 2541 155 2591 1.
181 2537 336 2603 Carneadeo,
360 2554 380 2592 s.
399 2553 432 2589 ιιι
448 2537 487 2590 lll.
506 2541 547 2603 22,
566 2541 606 2592 54.
659 2536 802 2590 besondere
827 2537 868 2591 die
890 2541 1042 2593 iracundia
1067 2559 1115 2597 aus
1136 2545 1177 2597 der

96 2604 156 2672 Vgl.
174 2605 205 2658 de
223 2606 292 2659 deor.
310 2623 335 2658 n.
353 2606 381 2658 ll.
400 2608 441 2670 65,
462 2609 523 2660 162:
544 2607 608 2659 Cor·
659 2604 758 2657 Rubrilr
774 2608 884 2658 insania
902 2607 1045 2674 streiobeu‚
1063 2626 1094 2664 so
1112 2614 1175 2666 viro

96 2674 194 2725 nendos
217 2675 337 2726 lubenter
362 2678 391 2725 in
411 2674 513 2727 Stoicos
534 2678 608 2726 invo-
656 2674 731 2739 jener
749 2673 809 2726 Satn
829 2674 874 2727 der
892 2674 997 2728 Stoiker
1016 2677 1128 2735 Unsinn.

97 2744 216 2794 bebatur.
694 2744 718 2795 8.
736 2747 858 2795 mombar
876 2744 965 2795 dicero
977 2747 1108 2811 (narrar-o
1126 2748 1174 2803 und

129 2813 218 2860 metuo
235 2825 269 2860 no
282 2837 315 2846 -
328 2811 384 2859 rint
396 2802 511 2861 ‘ddrlten
528 2810 608 2863 leicht
660 2810 734 2876 dgl.):
753 2813 834 2863 etwas
849 2810 1037 2881 Ungerelmtes,
1051 2817 1173 2871 bibemos

95 2904 130 2914 -
147 2868 223 2929 sein’.
253 2875 312 2927 blan
327 2876 403 2942 nieht,
415 2877 466 2929 wie
484 2878 543 2930 sehr
556 2878 607 2935 Cio.
660 2893 752 2943 sagon,
765 2879 938 2932 mehrmalsin
948 2881 1172 2939 CicerosBrielen.

95 2942 298 2995 Eklektikerist.
327 2943 477 2997 Ebenuoch
496 2945 567 2998 hatte
580 2962 607 2999 er
692 2946 773 2998 Nunc
790 2952 887 3013 auum,
908 2963 929 3000 s.
946 2964 980 3002 zu
996 2949 1127 3019 111.1‚2.

95 3013 151 3064 sich
167 3028 199 3064 zu
218 3011 267 3064 den
285 3011 367 3065 Alrad.
386 3013 533 3079 gereohnet.
694 3018 733 3068 10.
754 3016 900 3081 Commooo,
918 3031 955 3069 sc.
974 3033 1102 3074 caenum.

130 3083 153 3134 2.
171 3085 308 3133 notionem
325 3110 359 3119 -
376 3081 534 3133 involutam.
569 3082 604 3135 So
692 3086 733 3136 12.
746 3085 953 3150 cum-rediit,
971 3089 1172 3156 s.zul.1l‚l·l:

95 3148 164 3201 Orat.
175 3151 216 3214 33,
227 3151 289 3206 116:
305 3149 441 3201 involutae
453 3152 495 3200 roi
505 3153 604 3204 notitia
655 3155 736 3218 posui
747 3151 799 3204 und
812 3152 863 3220 vgl.
881 3169 914 3206 zu
927 3153 957 3208 V.
965 3156 1007 3220 25,
1021 3160 1070 3212 70:
1090 3160 1174 3212 oculo·

95 3217 246 3280 dofiniendo
265 3218 410 3285 aperiendo
429 3222 475 3270 ert.
658 3225 757 3272 catam.

129 3290 153 3339 4.
172 3290 269 3352 qui-
289 3290 402 3353 quaerat
422 3286 529 3352 aliquid
548 3280 605 3340 ‘der
692 3291 731 3341 Π.
751 3305 878 3353 morosos,
896 3290 1014 3356 cigenti:
1027 3284 1097 3348 ‘von
1109 3296 1173 3362 elge

95 3355 136 3407 [ῆι
154 3383 187 3393 -
208 3355 275 3408 noolr
300 3360 382 3407 etwas
399 3354 526 3408 Wolteres
550 3371 606 3408 ver·
656 3371 716 3411 nem
729 3355 888 3422 Charakter’,
902 3352 1172 3431 daber‘eigensinnig‚

94 3415 192 3490 langt’;
210 3439 296 3489 noque
309 3427 452 3476 existumet
463 3427 605 3490 quicquam
657 3417 791 3478 launiscb'.
827 3424 888 3479 Son.
905 3425 937 3478 de
953 3427 992 3479 ira
1009 3427 1028 3483 l.
1048 3434 1082 3485 4:
1106 3436 1173 3485 tutor

93 3516 128 3536 =
146 3494 339 3557 emolumetque
355 3492 431 3542 nibil.
658 3496 706 3544 bos
732 3494 896 3560 (iracundos)
921 3512 1064 3549 moromm
1090 3517 1172 3567 ponar

129 3561 153 3614 6.
191 3562 276 3611 omnis
306 3562 460 3627 insipientes
488 3563 606 3613 insanos.
658 3562 728 3626 licet,
746 3561 891 3615 delicatum
906 3565 1171 3634 iracundiaogonm.

88 3619 150 3679 Ὅτι
174 3627 230 3680 πᾶς
252 3624 350 3698 ἄφρων
377 3632 514 3695 μαίνεται.
547 3628 606 3696 Vgl.
694 3632 734 3684 19.
746 3631 886 3683 Oratorem
897 3635 955 3698 eet„
968 3632 1016 3684 mil
1027 3632 1121 3705 Bezng
1132 3638 1173 3691 cul

94 3695 146 3747 Cic.
164 3695 254 3749 Parad.
272 3700 289 3748 4
308 3696 359 3748 und
377 3697 445 3750 oben
463 3695 501 3748 lll.
520 3700 544 3762 4,
558 3699 581 3750 9.
661 3700 700 3762 19,
716 3701 756 3752 43.
775 3698 811 3751 Ζιι
829 3701 957 3751 simulare
974 3703 1065 3769 suppl.
1082 3707 1172 3758 irasci.

128 3766 153 3816 7.
165 3766 218 3815 iota
231 3763 379 3830 conligunt,
392 3765 416 3817 d.
428 3765 452 3817 b.
465 3765 503 3817 sie
516 3765 607 3832 geben,
694 3769 734 3819 20.
746 3769 790 3819 An
802 3770 852 3818 tibi
862 3771 946 3819 irasci
955 3774 1006 3823 oet.
1024 3772 1076 3824 mil
1087 3774 1172 3843 Bezng

94 3845 136 3882 nm
160 3829 247 3884 diesen
266 3832 326 3885 Satz
348 3849 379 3886 ιιι
397 3834 540 3896 beueisen,
566 3833 607 3884 die
659 3834 705 3887 aul
720 3834 769 3887 den
787 3835 823 3886 im
840 3837 947 3903 rorigen
965 3836 1109 3904 liegenden
1127 3842 1172 3897 Ge·

94 3902 240 3965 genannten
256 3899 363 3954 Klassen
383 3901 501 3954 s'amtlich
518 3900 606 3966 durch,
660 3902 775 3955 danken:
793 3904 922 3957 simulant
934 3910 1070 3963 oratores.
1104 3910 1172 3967 (lam
