2550 4410
453 180 548 233 LIBER
563 181 581 234 l.
602 185 641 247 10,
660 186 700 236 21.
718 185 759 236 22.
1100 184 1141 245 39

55 348 227 422 rationem,
248 351 280 412 in
302 352 397 430 capite
418 351 496 413 sicut
516 352 547 414 in
572 370 640 413 arce
661 354 761 433 posuit
782 363 812 415 et
833 354 905 417 (luas
930 357 1023 434 partis
1045 358 1071 418 ei
1086 375 1140 438 pa·

58 453 132 495 rere
146 434 246 509 voluit,
263 436 336 497 iram
349 445 378 497 et
389 437 589 515 cupiditatem,
606 455 680 516 quas
691 439 752 500 suis
768 439 849 512 locis,
867 440 941 501 iram
958 442 987 501 in
1005 452 1137 521 pectore,
1166 444 1173 456 ‘

60 518 254 599 cupiditatem
271 521 376 582 subter
395 523 568 601 praecordia
583 523 697 583 locarit.
727 523 923 585 Dicaearchus
938 534 1038 588 antem
1055 527 1085 588 in
1102 546 1137 589 eo
1159 535 1190 589 21

58 623 216 680 sermone,
239 624 327 684 quem
343 606 476 668 Corinthi
500 607 634 668 habitum
655 608 751 669 tribus
772 607 857 670 libris
879 611 1016 689 exponit,
1037 612 1141 672 docto-

16 703 31 752 5
57 707 129 750 rum
147 689 301 752 bominum
317 691 532 771 disputantium
550 693 646 771 primo
664 692 740 754 libro
759 694 868 756 multos
888 694 1038 773 loquentis
1057 696 1141 770 sacit;

61 774 182 836 duobus
207 775 403 837 Pherecraten
431 777 578 856 quendam
605 777 772 838 Phthiotam
799 798 911 849 senem,
946 797 1035 858 quem
1059 780 1100 841 ait
1125 799 1142 841 a

62 859 245 921 Deucalione
266 869 380 934 ortum,
401 861 598 923 disserentem
611 861 740 936 inducit,
762 862 836 924 nihil
853 882 916 926 esse
932 865 1056 926 omnino
1077 864 1142 927 ani·

62 963 147 1005 mum
169 953 199 1006 et
224 945 283 1006 boc
310 964 374 1008 esse
403 965 514 1008 nomen
543 956 639 1009 totum
662 948 751 1008 inane
779 949 947 1028 frustraque
962 949 1097 1010 animalia
1113 958 1142 1011 et

63 1030 224 1091 animantis
239 1031 390 1110 appellari,
406 1050 505 1111 neque
520 1032 549 1093 in
566 1032 687 1092 homine
702 1033 799 1094 inesse
814 1033 946 1095 animum
957 1034 1002 1094 vel
1014 1036 1142 1096 animam

16 1129 35 1180 ι)
61 1133 120 1176 nec
146 1115 176 1175 in
196 1115 304 1188 bestia,
332 1117 451 1195 vimque
473 1135 592 1177 omnem
614 1135 691 1190 eam,
719 1136 776 1196 qua
798 1118 842 1178 rel
862 1136 982 1198 agamus
1004 1119 1075 1198 quid
1097 1119 1143 1180 vel

62 1199 241 1273 sentiamus,
263 1201 293 1261 in
313 1201 452 1262 omnihus
470 1201 647 1280 corporibus
667 1202 737 1264 vivis
760 1202 953 1282 aequabiliter
968 1223 1032 1266 esse
1048 1205 1142 1266 tusam

64 1303 123 1346 nec
144 1286 338 1365 separabilem
353 1304 369 1345 a
384 1305 512 1365 corpore
533 1304 615 1361 esse,
636 1288 747 1367 quippe
770 1307 844 1367 quae
867 1288 946 1350 nulla
969 1289 1006 1350 sit
1028 1307 1084 1350 nec
1106 1289 1144 1349 sit

50 1370 225 1449 ·quicqnam
249 1371 305 1431 nisi
320 1388 431 1451 corpus
451 1389 546 1432 unum
561 1379 591 1432 et
605 1371 745 1451 simplex,
767 1373 806 1433 ita
823 1373 997 1451 figuratum,
1020 1383 1053 1434 ut
1067 1381 1143 1434 tem-

64 1455 221 1534 peratione
237 1464 358 1516 naturae
379 1457 475 1535 vigeat
497 1465 527 1517 et
547 1457 662 1518 sentiat.
700 1456 871 1519 Aristoteles
893 1458 982 1537 longe
1003 1458 1143 1519 omnibus
1161 1466 1193 1515 ‘22

16 1553 37 1605 5
64 1539 273 1606 -Platonem
287 1559 405 1619 semper
420 1541 535 1620 excipio
547 1576 589 1586 —
600 1551 755 1621 praestans
766 1551 795 1603 et
807 1543 927 1622 ingenio
940 1553 969 1603 et
984 1542 1143 1622 diligentia,

65 1643 137 1685 cum
151 1633 292 1704 quattuor
313 1636 382 1687 uota
408 1625 456 1686 illa
483 1643 595 1705 genera
623 1626 840 1706 principiorum
862 1635 939 1689 esset
963 1628 1144 1708 complexus,

65 1729 82 1770 e
107 1709 214 1787 quibus
236 1711 335 1771 omnia
359 1718 535 1786 orerentur,
559 1712 692 1790 qrdntam
713 1711 863 1790 quandam
884 1720 1020 1772 naturam
1042 1720 1145 1773 censet

64 1812 148 1870 esse,
171 1814 187 1855 e
209 1813 267 1874 qua
282 1796 320 1856 sit
334 1814 429 1857 mens.
460 1795 594 1875 Cogitate
610 1796 689 1856 enim
705 1806 734 1855 et
749 1794 920 1876 providere,
942 1804 972 1857 et
985 1796 1099 1857 discere
1115 1804 1145 1857 et

104 1948 127 1996 1.
153 1947 225 1996 sicut
246 1948 276 1995 in
299 1961 369 2008 arce,
387 1959 408 1997 s.
426 1961 458 1998 zu
478 1949 518 2011 ll,
536 1948 580 1997 25:
670 1949 811 2011 ibaeque
831 1948 950 1996 animum
970 1947 1145 1996 vetantmam

65 2015 149 2078 quasi
165 2015 194 2062 in
212 2012 384 2064 domicilium.
628 2006 717 2065 ‘hcine
732 2013 840 2079 geistige
853 2013 914 2066 oder
929 2012 1069 2080 physiscbe
1084 2015 1146 2078 (von

103 2082 128 2132 2.
145 2081 232 2131 coiecit
244 2073 421 2146 ‘behauptete,
439 2081 515 2132 nahm
528 2072 581 2146 an’,
632 2080 690 2134 dem
710 2081 786 2133 leibe
805 2081 950 2147 trennbere)
970 2072 1061 2134 Seele’.

68 2150 170 2212 18,42;
183 2150 225 2230 ld,
238 2152 282 2211 57;
292 2151 334 2212 38¹
347 2151 380 2201 9²
398 2165 424 2203 ¹¹·
442 2152 466 2200 ὃ·
556 2217 562 2228 ,
669 2168 709 2219 12.
727 2168 825 2232 quippe
837 2154 905 2231 buco
917 2167 993 2218 nullo
1003 2169 1040 2217 ait
1052 2157 1097 2218 ‘da
1110 2166 1147 2218 sie

89 2218 141 2296 3,,
156 2216 339 2299 ”mimus
355 2231 402 2268 ⁸¹¹⁸
419 2215 537 2296 61666161
555 2231 581 2268 ¹¹¹
630 2234 658 2298 jn
677 2247 723 2300 gar
741 2234 812 2285 nicht
829 2234 869 2286 tdr
886 2233 941 2286 sich
958 2227 1082 2287 bestehe‘.

67 2283 189 2346 Srcxheu,
211 2298 252 2336 ern
270 2283 378 2336 Schuler
395 2283 441 2336 des
457 2284 583 2336 Aristote-

65 2352 117 2415 les,
134 2351 237 2404 schrieb
253 2353 268 2405 3
286 2351 387 2404 Bucher
408 2354 474 2423 περὶ
550 2353 583 2422 ἧς

66 2419 146 2483 (auch
160 2421 349 2486 Kopvaaaxot
366 2368 554 2485 gehennom
567 2423 582 2472 3

68 2488 241 2558 Λεσβιακοί.
274 2486 332 2554 Vgl.
348 2489 389 2551 31,
400 2492 441 2551 77,
460 2502 506 2538 aus
522 2487 583 2540 wel-

68 2556 133 2607 cher
157 2555 237 2608 Stelle
260 2556 427 2622 hervorgeht,
450 2555 506 2607 dats
528 2556 583 2608 sich
1113 2604 1118 2616 ,

69 2623 124 2675 Cic.
142 2637 205 2689 gern
223 2623 270 2675 mit
286 2624 340 2675 ihm
358 2622 513 2689 boschittigt
530 2623 584 2688 hat,
656 2607 711 2687 1,6
747 2606 1044 2680 1666607-366616
1069 2615 1148 2680 Prtfl·

69 2705 128 2742 was
146 2706 193 2744 ans
211 2691 256 2744 der
275 2692 348 2744 mehr
365 2691 506 2758 populiren
523 2689 583 2742 Dar·
635 2686 783 2737 mmmm»
815 2669 856 2722 dle
888 2672 1065 2755 303661666θῦ
1094 2682 1148 2721 '¹0¹

68 2758 184 2826 sterling
202 2758 585 2812 conscensionem·
635 2739 781 2804 telenense,
812 2754 955 2808 στοικεια.
986 2740 1072 2789 zuerst
1097 2752 1149 2789 von

69 2826 124 2878 pop,
142 2828 381 2879 isp-,10050,.um
397 2829 534 2879 hominum
544 2867 550 2879 ,
561 2862 584 2878 ..
635 2805 808 2875 Empedokles
826 2805 982 2887 autgestellt.
1009 2803 1093 2857 Uuten
1108 2806 1148 2870 11,

68 2896 143 2958 fast
164 2895 199 2946 at
221 2894 321 2962 rognca
345 2895 403 2948 aem
427 2895 490 2962 1013.
508 2894 584 2947 earne
636 2879 670 2929 4⁰
689 2875 793 2928 werden
811 2889 849 2927 ue
868 2890 982 2941 errrore
1000 2877 1120 2940 oemunt·

68 2961 257 3024 subordiniert3
276 2964 385 3029 duodus,
403 2978 438 3015 sc.
455 2964 576 3029 reliquis.
672 2963 711 3013 18.
746 2975 836 3024 equa
858 2961 895 3009 sit
916 2973 996 3009 nrm.
1030 2955 1081 3009 Das
1106 2955 1150 3008 bat

107 3033 131 3083 6.
149 3031 339 3094 Pherecrates,
358 3031 409 3097 vgl.
427 3032 443 3096 ξ
464 3034 507 3086 10:
533 3032 585 3081 Do·
635 3027 789 3080 Aristoteles
807 3026 895 3078 nicht
913 3025 1023 3092 gelehrh
1046 3023 1086 3075 tur
1103 3022 1150 3076 das

67 3099 233 3150 mattheum.
636 3101 661 3151 5.
673 3095 791 3148 Element
801 3092 912 3147 erklirte
924 3108 952 3145 er
963 3091 1087 3144 vielmebr
1099 3090 1150 3144 den

108 3169 132 3220 8.
158 3165 266 3228 [rantra
282 3191 315 3213 -.-ι
333 3169 391 3217 stne
414 3181 509 3227 cauom
532 3165 585 3232 rgt.
637 3163 706 3216 Stoff
714 3165 807 3231 (σῶμα
819 3152 1151 3234 κυκλοφορητικὸναίθέ·

71 3234 106 3286 de
116 3233 160 3286 lin.
169 3234 198 3288 ll.
212 3236 251 3300 12,
261 3236 306 3288 36:
319 3236 351 3285 la
363 3251 416 3300 quo
428 3233 534 3296 frustra
546 3237 587 3303 io·
658 3249 704 3286 ιον
721 3224 945 3302 ἀμετάβλητον),
961 3244 1008 3281 aus
1026 3228 1152 3282 welchem

70 3304 145 3355 dicos
161 3303 256 3368 soant,
274 3317 334 3354 eum
350 3305 510 3354 sonantium
524 3317 588 3367 pro-
640 3251 681 3352 gie
703 3298 934 3364 llimmetshdrper,
958 3297 1020 3377 also*
1038 3296 1080 3348 die
1104 3295 1153 3348 (le-

72 3373 217 3434 nunaunt,
243 3371 341 3422 addere
365 3370 401 3422 SI
421 3370 506 3434 QUID
523 3370 589 3422 Mill
641 3368 720 3420 stirne
738 3359 783 3432 (τὰ
802 3363 867 3422 alde
887 3367 926 3429 ια)
951 3362 1092 3417 hestauden
1110 3361 1152 3427 (de

70 3438 206 3493 Juutcrr
220 3437 297 3490 EST.
642 3435 714 3488 caelo
732 3434 749 3487 1.
768 3437 784 3486 2
802 3434 855 3486 und
869 3384 899 3494 ἷς
918 3431 945 3484 ll.
964 3436 978 3483 7
997 3429 1050 3508 npd
1067 3429 1151 3494 diter).

109 3507 239 3558 animalia
257 3511 285 3557 at
301 3508 456 3558 animantis.
491 3504 518 3556 ln
537 3504 590 3556 dio·
640 3502 729 3555 Dieser
746 3503 836 3554 lrrtum
854 3514 913 3566 mag
936 3497 981 3550 nol
1003 3511 1073 3576 einer
1089 3495 1152 3548 Ver-

72 3589 131 3626 sem
143 3573 287 3639 degenerata
299 3575 334 3627 ist
345 3578 454 3626 ersteres
465 3573 510 3637 (a
518 3573 589 3640 ζῶα)
641 3569 807 3636 wechselung
825 3568 871 3647 mit
889 3566 938 3617 den
963 3562 1082 3643 ¹Storkern
1108 3564 1153 3644 be-

73 3657 127 3694 von
140 3641 278 3694 blenschen
291 3641 344 3695 und
355 3640 456 3703 Tieren,
470 3640 589 3693 letzteres
640 3639 730 3701 ruben,
739 3636 838 3688 welche
847 3635 889 3686 dre
901 3632 1017 3684 Gestune
1030 3632 1070 3684 ttir
1082 3630 1154 3684 Gero-

71 3721 118 3775 (ιι
130 3702 254 3780 ἔμψυχα)
272 3710 338 3761 auch
349 3723 401 3761 von
420 3708 540 3761 Ptlanzen
558 3723 590 3760 nu
641 3711 682 3758 ter
702 3703 830 3757 erklirten
847 3700 900 3753 und
921 3698 963 3752 dle
980 3699 1153 3782 menscbliche

73 3769 590 3842 verstebemetwa:‘lebendeGescbbple
641 3772 716 3892 tSetele
739 3785 784 3824 aus
809 3766 956 3822 demeelben
974 3766 1044 3822 Stoll
1062 3768 1155 3822 herler-

72 3874 109 3888 κ
126 3845 230 3899 belebte
249 3837 360 3898 Wesen'.
652 3855 720 3894 een.

669 2321 709 2372 13.
742 2321 931 2384 tentporotione
957 2323 1072 2369 notata-oe
1094 2312 1147 2368 ‘die

634 2386 776 2468 uatsprliche
802 2384 983 2451 Einrichtung,
1014 2383 1149 2502 Orpnnisa·

633 2451 796 2584 igonffl’ggl.
816 2454 839 2516 1,
857 2455 887 2512 2;
906 2454 947 2515 28,
965 2454 1011 2512 68;
1030 2452 1039 2503 l
1064 2453 1146 2517 ,1,1
