2542 4394
422 207 517 263 maun
533 207 572 262 lll.
590 210 632 273 28,
642 211 683 261 71.
701 210 793 275 29,·11.
1091 209 1133 268 45

47 384 175 447 doloris.
200 383 286 459 Quid,
300 384 421 463 quinon
434 379 808 462 putautlugendumvirisi
820 381 914 461 qualis
925 381 1135 452 111101111-

47 489 123 533 mus
138 469 268 531 efferens
283 469 376 530 filium
391 468 596 544 consularem,
620 467 714 546 qualis
728 467 762 527 L.
777 467 887 528 Paulus
902 465 1019 527 duobus
1032 469 1136 546 paucis
1176 524 1179 530 ⁴
1208 503 1210 507 ·

48 553 162 618 diebus
183 554 297 616 amissis
318 553 400 626 liliis,
424 553 518 632 qualis
532 553 571 613 Μ.
588 552 658 613 Cato
680 561 817 632 praetore
840 552 994 630 designato
1016 563 1134 613 mortuo

48 640 127 712 ulio,
142 640 246 719 quales
261 639 385 719 reliqui,
402 657 476 718 quos
491 638 522 699 in
538 637 748 700 Consolatione
763 637 956 716 conlegimus.
987 637 1065 708 Quid
1080 638 1136 700 hos
1160 648 1189 700 u

10 736 28 791 Ι
49 724 135 788 aliud
149 724 284 805 placavit,
302 724 358 786 uisi
374 724 454 802 quod
469 724 582 785 luctum
598 732 627 784 et
641 740 804 785 maerorem
827 741 891 784 esse
914 742 975 784 uon
991 723 1136 802 putabant

49 807 134 873 viri?
162 810 242 889 Ergo
258 810 303 883 id,
326 811 405 888 quod
421 809 469 870 alii
484 819 599 870 rectum
620 808 778 888 opinantes
799 808 977 888 aegritudini
991 827 1023 869 se
1038 808 1137 870 solent

51 895 181 970 dedere,
205 895 235 956 id
249 894 280 955 ui
295 903 383 974 turpe
398 904 537 973 putantes
552 893 768 973 aegritudinem
783 894 989 974 reppulerunt.
1016 894 1060 955 Ex
1076 912 1136 972 quo

52 980 242 1060 intellegitur
257 999 318 1040 non
336 979 368 1040 in
384 989 500 1053 natura,
515 979 567 1041 sed
584 979 615 1039 in
632 979 774 1059 opinione
790 997 854 1040 esse
868 979 1093 1056 aegritudinem.

144 1066 253 1128 Contra
270 1065 409 1126 dicuntur
423 1066 509 1126 haec:
537 1064 611 1135 Quis
625 1072 685 1125 tam
700 1065 837 1138 demens,
857 1072 891 1124 ut
909 1082 963 1125 sua
982 1065 1135 1126 voluntate
1152 1068 1190 1128 21

10 1162 30 1223 n
53 1149 210 1213 maereat‘l
232 1151 341 1212 Natura
357 1151 452 1211 adfert
466 1150 616 1224 dolorem,
632 1150 680 1211 cui
696 1149 815 1229 quidem
830 1148 972 1223 Crantor,
988 1151 1138 1228 inquiunt,

51 1244 156 1298 vester
171 1236 336 1297 cedendum
350 1244 448 1314 putat;
465 1236 573 1314 premit
588 1237 667 1296 enim
681 1244 770 1314 atque
785 1235 884 1309 instat,
901 1253 958 1295 nec
972 1235 1068 1297 resisti
1084 1255 1140 1315 po·

54 1331 127 1385 test
156 1322 258 1401 ltaque
274 1319 376 1382 Oileus
398 1320 446 1380 ille
467 1321 546 1399 apud
561 1320 755 1401 Sophoclem,
779 1320 828 1398 qui
845 1320 1035 1381 Telamonem
1053 1329 1140 1383 antea

54 1408 96 1471 de
111 1407 208 1469 Aiacis
218 1414 313 1468 morte
325 1406 496 1467 consolatus
507 1414 595 1479 esset,
611 1406 636 1467 is
652 1423 720 1467 cum
732 1404 888 1466 audivisset
900 1406 937 1466 de
947 1423 1013 1479 suo,
1029 1407 1141 1469 fractus

55 1501 116 1555 est.
145 1493 187 1554 De
201 1492 287 1553 cuius
301 1499 479 1552 commutata
494 1498 594 1551 mente
610 1491 653 1552 sic
668 1490 791 1553 dicitur:

10 1590 30 1651 fl
215 1577 273 1637 Nec
283 1577 352 1638 oe‘ro
368 1587 450 1638 tanta
461 1577 612 1657 praiditus
626 1578 768 1656 sapie'utia

219 1661 380 1742 Quisquam
396 1663 445 1730 e'st,
461 1665 512 1742 qui
524 1660 651 1723 aliorum
665 1665 838 1723 aerimnam
853 1663 935 1722 dictis
950 1662 1088 1724 idlcoans

215 1747 283 1808 Non
298 1748 382 1820 11444,
397 1766 462 1807 cum
476 1745 601 1826 fortuna
615 1756 727 1809 mutata
741 1751 879 1828 impetum

104 1918 128 1967 1.
150 1913 233 1979 Quid,
260 1917 308 1979 qui
334 1930 390 1965 non
408 1918 509 1980 putant
525 1917 577 1964 -?
661 1917 685 1967 9.
704 1914 805 1967 Contra
822 1914 951 1965 discantur
968 1916 1046 1978 naec,
1064 1914 1142 1967 niiml.

58 1983 114 2035 wie
127 1981 143 2048 ξ
156 1985 201 2034 65:
225 1983 304 2047 Quid,
322 1985 576 2049 quos-pronibct?
626 1998 652 2036 v.
675 1982 699 2035 d.
718 1980 928 2049 Peripatetilsem.
950 1980 1007 2049 Vgl.
1025 1983 1092 2035 auch
1109 1998 1142 2035 au

97 2050 128 2115 Q.
145 2051 248 2101 Fabius
265 2051 400 2101 dioximus
422 2050 576 2102 Cunctator.
626 2051 644 2104 l.
663 2053 687 2111 4,
706 2053 730 2104 8.

60 2119 118 2172 Cat.
135 2116 170 2171 M.
189 2121 213 2184 4,
232 2119 277 2170 12:
300 2118 387 2170 Multa
410 2121 440 2168 in
463 2135 492 2169 eo
516 2122 576 2170 uiro
664 2123 704 2172 lt.
719 2119 836 2170 Crantor
853 2119 884 2180 (s.
901 2118 1048 2183 1111115)
1065 2117 1143 2170 heilst

59 2186 207 2255 praeclara
230 2189 357 2252 cognovi,
381 2188 428 2238 sad
449 2187 520 2237 uitii
539 2193 579 2237 est
628 2192 715 2238 uester
732 2186 771 2239 als
788 2185 905 2252 Mitglied
932 2186 976 2238 der
993 2186 1142 2250 Alsademie,

62 2255 255 2308 admirabilius
269 2271 350 2321 quam
366 2270 420 2320 quo
436 2256 514 2306 modo
531 2256 579 2306 iila
629 2255 675 2307 der
701 2256 790 2307 Cicero
820 2256 854 2305 im
881 2253 983 2320 Prinzip
1013 2255 1067 2306 sicli
1099 2271 1144 2307 an·

62 2327 177 2375 mortem
203 2323 256 2385 filii
282 2324 357 2388 tulit,
384 2323 453 2373 clari
477 2326 532 2374 oiri
555 2328 581 2373 41
631 2323 756 2376 schlielst.
790 2320 948 2388 Vglllld,
968 2325 1009 2378 12.

65 2391 226 2444 amulonis.
260 2392 311 2441 Est
331 2393 361 2441 in
382 2393 506 2442 manibus
524 2392 581 2442 lau·
667 2394 708 2445 13.
726 2392 758 2441 14
768 2392 863 2441 Aiacis
878 2395 972 2452 morte,
989 2406 1009 2441 s.
1024 2407 1055 2441 zu
1067 2391 1084 2442 l.
1103 2394 1144 2453 41,

64 2461 155 2523 datio,
179 2474 260 2525 quam
277 2474 337 2510 eum
355 2461 481 2524 legimus,
503 2474 581 2524 quom
632 2462 677 2519 98³
694 2461 718 2510 is
729 2459 820 2509 nimmt
832 2459 906 2510 einen
917 2458 1145 2523 vorhergeltenden

84 2527 252 2593 nilosopltum
281 2543 336 2578 nou
371 2530 582 2578 coniurauimus?
631 2527 706 2593 Bega.
724 2526 833 2590 (Oileus)
844 2524 941 2577 wieder
953 2525 1006 2583 aui,
1020 2527 1069 2576 wie
1082 2527 1098 2590 ξ
1112 2531 1143 2579 ’11

62 2544 117 2649 Mer
133 2594 217 2659 Sohn,
243 2593 285 2660 0.,
304 2611 358 2646 war
380 2597 430 2648 213
454 2596 501 2646 mit
523 2595 581 2647 Tib.
632 2596 677 2647 das
696 2595 789 2646 aweite
806 2595 847 2654 id;
866 2593 918 2658 vgl.
937 2595 962 2658 8,
981 2595 1021 2646 18.

66 2663 235 2730 Sempronius
259 2663 388 2715 Gracchus
413 2663 512 2716 Konsul
538 2678 582 2730 ge·
667 2663 700 2714 14
722 2678 785 2725 suo,
812 2677 847 2713 sc.
870 2663 968 2722 Aiaoa;
996 2662 1064 2713 also:
1090 2661 1147 2714 (lais

65 2747 165 2785 wesen.
632 2731 699 2782 auch
717 2731 787 2783 sein
807 2729 877 2782 Sohn
896 2735 936 2782 tot
946 2731 991 2782 sei.
1015 2730 1048 2782 Er
1058 2729 1147 2781 wurde
1239 2791 1242 2800 .

103 2800 176 2853 21..
194 2799 326 2850 Aemilius
342 2800 449 2864 Paulus,
471 2800 516 2852 der
533 2798 583 2851 Be·
633 2799 679 2851 aul
700 2799 745 2850 der
768 2797 918 2865 Rnckkehr,
946 2814 1037 2866 wegen
1065 2799 1148 2851 seiner

67 2867 341 2934 siegerdesPerseus,
354 2869 580 2920 verlornacltlnv.
633 2868 763 2934 gottlosen
794 2867 894 2931 Reden,
923 2867 991 2919 heim
1021 2867 1147 2920 Stranden

66 2935 144 2989 XLV.
161 2939 194 2989 40
212 2952 237 2987 u.
252 2938 281 2987 41
302 2935 536 3002 1116134114
555 2937 581 2987 in
633 2937 718 2989 seiner
740 2935 835 2988 Schiile
860 2952 918 2987 vom
940 2935 1069 2988 Poseidon
1092 2951 1149 2988 ver·

67 3004 120 3058 deu
137 3002 225 3069 'l'ageu
248 3005 333 3056 selues
350 3003 517 3072 Triumphes,
539 3004 581 3056 die
634 3005 743 3066 nientet;
763 3020 785 3057 s.
804 3005 875 3056 Hom.
895 3004 941 3057 Od.
958 3003 1096 3058 11149911.

68 3072 163 3126 beiden
176 3073 301 3137 jimgsteu
319 3072 403 3124 seiuer
420 3074 475 3125 viar
487 3072 584 3140 Silue,
669 3075 882 3136 Inueniuntur,
901 3075 926 3124 iu
939 3073 996 3125 dem
1012 3073 1149 3124 verlomen

68 3142 105 3194 im
123 3139 303 3192 Knabeualter.
337 3139 414 3204 (Vell.
431 3139 459 3193 P.
477 3141 495 3192 l.
516 3143 566 3206 10.)
635 3140 708 3192 Aius
733 3139 855 3209 Λσιιρόε,
881 3140 946 3192 nach
974 3140 1046 3193 Stob.
1074 3155 1149 3192 serm.

111 3211 135 3263 3.
162 3208 197 3260 M.
218 3209 331 3259 Porcius
356 3208 420 3259 Cato
444 3209 585 3260 Censorius
638 3211 686 3262 113
704 3209 756 3272 (bei
774 3209 864 3262 Nauck
883 3209 913 3260 lr.
932 3211 990 3274 662,
1009 3226 1034 3276 p.
1053 3210 1125 3271 nait:

69 3277 156 3330 verior
178 3275 267 3328 seiuen
289 3276 386 3328 ilteren
409 3275 479 3328 Sohn
502 3275 537 3329 M.
556 3277 585 3329 P.
675 3275 737 3329 Τοὺς
755 3273 784 3329 δ’
800 3265 833 3328 αὖ
845 3281 987 3346 μεγίστους
1002 3280 1047 3327 καὶ
1060 3293 1151 3344 σοφω-

69 3344 256 3399 CLicinianus
276 3347 324 3397 152
342 3359 368 3397 v.
385 3344 443 3397 Chr.
471 3343 530 3411 Vgl.
543 3346 585 3397 die
840 3342 935 3395 τάτους
952 3350 1033 3414 φρεσί

70 3413 168 3467 achtine
186 3411 282 3464 stelle:
301 3413 355 3465 cat.
373 3411 407 3464 M.
426 3415 467 3478 23,
480 3415 521 3466 84.
675 3409 766 3464 Tomis
783 3407 811 3462 δ’
826 3408 894 3462 ἴδοις
905 3409 948 3476 ἄν,
966 3410 1020 3464 οἷός
1032 3410 1152 3463 ἐστινῦν

104 3484 131 3534 4.
142 3483 174 3532 in
184 3481 377 3545 Consolatione,
389 3496 409 3535 s.
420 3498 452 3533 zu
461 3481 478 3532 l.
493 3484 534 3544 26,
544 3486 585 3536 65.
841 3474 897 3543 ὅδε,

107 3552 131 3602 6.
149 3549 180 3600 11
196 3577 231 3586 -
247 3549 289 3613 id,
307 3564 327 3600 s.
348 3551 371 3612 8,
391 3552 423 3603 18
440 3566 473 3602 au
490 3553 523 3602 ab
541 3567 583 3611 eo,
672 3544 771 3599 Καλῶς
793 3548 883 3598 κακῶς
905 3543 1059 3618 πράσσοντι
1086 3562 1152 3613 συμ-

71 3621 176 3670 rectum
194 3619 334 3683 opinantes
350 3623 413 3682 cet,
435 3634 526 3685 wegen
540 3618 586 3671 des
841 3618 1020 3684 παραινέσαι·

71 3684 264 3738 Parallelismus
290 3685 347 3737 mit'
363 3684 421 3738 dem
448 3686 586 3754 folgenden
666 3675 757 3734 Ὅταν
765 3678 796 3734 δὲ
804 3678 914 3749 δαίμων
922 3677 1019 3751 ἀνδρὸς
1028 3677 1153 3747 εὐτυχοῦς

73 3753 151 3807 Setae
181 3756 259 3805 statt:
294 3757 397 3805 rectum
432 3758 587 3822 opinantur,
841 3749 874 3802 τὸ
893 3754 961 3819 πρὶν

71 3821 244 3888 aegritudini
255 3839 283 3872 44
298 3821 401 3875 dedero.
425 3821 484 3890 Vgl.
502 3824 531 3875 ll.
546 3826 587 3887 26,
673 3814 796 3889 Mdaaiy'
811 3819 899 3890 ἐρείσῃ
911 3819 960 3870 τσῦ
978 3823 1039 3885 βίον
1057 3814 1155 3871 naiiu·

72 3894 121 3944 64:
140 3895 251 3956 captans
268 3890 384 3942 delectat.
843 3903 957 3958 sponsu,
