2550 4410
475 223 570 276 unm
589 223 619 277 r.
638 226 730 290 nouo.
776 220 782 239 ¹

1079 222 1138 282 141

54 401 175 462 litatem
192 398 297 459 civium
314 406 425 469 cernat,
442 397 549 459 iustitia
566 397 639 458 nihil
654 397 684 457 in
701 415 782 458 suam
800 398 919 459 domum
936 399 1006 460 inde
1021 399 1140 472 derivet,

58 484 185 563 reliquis
206 491 307 545 utatur
329 491 373 543 tot
394 492 453 542 tam
476 483 621 561 variisque
641 481 821 544 virtutibus?
857 483 991 563 Adiunge
1012 484 1141 544 fructum

59 569 273 641 amicitiarum,
301 568 331 628 in
357 587 415 646 quo
438 568 532 629 doctis
553 567 681 649 positum
705 577 749 629 est
777 587 844 628 cum
868 569 1024 630 consilium
1047 569 1143 629 omnis

60 657 139 716 ritae
155 654 347 715 consentiens
363 662 392 713 et
406 671 500 732 paene
524 652 714 732 conspirans,
736 662 797 713 tum
815 673 927 715 summa
944 653 1142 715 iucunditase

21 755 37 804 5
61 740 211 803 cotidiano
235 740 315 800 cultu
339 746 427 817 atque
449 739 535 799 rictu.
580 738 657 810 Quid
673 739 744 799 haec
766 740 883 799 tandem
906 739 963 800 vita
987 740 1142 812 desiderat,

64 846 126 907 quo
142 826 179 887 sit
194 821 331 893 beatior‘l
362 825 410 884 cui
425 825 550 885 refertae
573 831 618 883 tot
640 824 789 902 tantisque
808 825 922 902 gaudiis
945 826 1064 886 lortuna
1081 825 1142 904 ipsa

64 911 151 973 cedat
168 927 288 971 necesso
305 916 359 969 est.
393 909 478 980 Quod
501 910 525 970 si
547 909 676 988 gaudere
697 909 804 971 talibus
826 910 913 972 honis
928 910 1033 983 animi,
1055 910 1144 970 idest

63 996 231 1069 virtutihus,
247 994 368 1055 beatum
383 1002 436 1068 est,
453 1012 616 1072 omnesque
632 995 780 1074 sapientes
795 995 840 1056 his
855 996 967 1072 gaudiis
982 996 1143 1075 perfruun-

64 1093 124 1157 tur,
142 1081 239 1141 omnis
254 1099 305 1140 eos
320 1079 422 1140 beatos
438 1099 501 1141 esse
517 1080 652 1140 confiteri
668 1099 790 1141 necesse
806 1089 859 1142 est.

16 1179 45 1230 10
154 1167 186 1226 Α.
211 1165 346 1226 Etiamne
361 1165 392 1225 in
410 1165 541 1225 cruciatu
563 1173 651 1243 atque
674 1163 851 1226 tormentis?
881 1166 922 1227 M.
939 1168 983 1227 hn
1003 1174 1036 1227 tu
1051 1185 1098 1226 me
1114 1166 1144 1227 in
1158 1146 1196 1201 2⁶

66 1252 142 1313 riola
159 1252 283 1330 putabas
299 1259 349 1310 aut
363 1251 393 1310 in
410 1269 476 1311 rosa
492 1247 616 1310 dicere?
645 1250 690 1310 An
705 1249 844 1329 Epicuro,
861 1252 911 1330 qui
926 1260 1040 1312 tantum
1056 1252 1144 1333 modo
1167 1229 1196 1278 ⁷⁸

68 1336 167 1399 induit
188 1354 344 1415 personam
367 1335 536 1414 philosophi
558 1343 586 1394 et
608 1335 665 1396 sibi
687 1335 750 1414 ipse
772 1337 829 1397 hoe
852 1356 960 1397 nomen
983 1337 1144 1417 inscripsit,

69 1423 170 1483 dicere
186 1421 295 1493 licebit,
312 1422 390 1499 quod
404 1422 533 1499 quidem,
549 1429 582 1481 ut
592 1420 682 1481 habet
696 1439 729 1481 se
740 1439 797 1494 res,
814 1440 860 1482 me
875 1431 972 1483 tamen
985 1422 1144 1502 plaudente

69 1509 159 1580 dicit,
177 1507 291 1567 nullum
305 1506 431 1585 sapienti
447 1525 511 1567 esse
526 1513 660 1585 tempus,
677 1505 764 1566 etiam
780 1507 803 1567 si
819 1516 937 1582 uratur,
960 1516 1144 1586 torqueatur,

17 1605 46 1658 15
68 1600 201 1666 secetur,
226 1592 296 1670 quin
315 1591 409 1671 possit
432 1592 610 1652 exclamare:
637 1583 749 1662 ‘Quom
760 1610 816 1673 pro
838 1592 928 1654 nihilo
941 1585 1044 1673 putol'
1078 1612 1150 1667 oum¹

67 1677 245 1759 praesertim
261 1695 349 1737 omne
365 1677 472 1737 malum
490 1676 591 1737 dolore
607 1677 742 1750 definiat,
765 1681 876 1738 bonum
891 1678 1057 1756 voluptate,
1073 1677 1145 1738 haec

70 1772 172 1824 nostra
188 1764 310 1823 honesta
327 1763 424 1842 turpia
440 1761 566 1822 inrideat
581 1761 716 1840 dicatque
732 1780 788 1823 nos
802 1762 832 1822 in
848 1762 970 1823 vocibus
986 1771 1146 1842 occupatos

70 1848 170 1910 inanis
192 1867 283 1909 sonos
306 1847 431 1908 sundere
454 1865 552 1924 neque
575 1846 732 1925 quicquam
755 1848 790 1908 ad
815 1867 870 1908 nos
892 1847 1058 1927 portinere,
1089 1848 1146 1908 nisi

108 2004 130 2052 1.
148 2002 178 2048 in
195 2014 271 2048 mom
289 1998 403 2049 domum.
443 1996 489 2048 Die
508 1996 581 2062 Prip.

71 2069 107 2120 ist
125 2071 231 2133 gesetzt,
252 2067 310 2117 weil
329 2067 400 2116 nicht
418 2065 459 2117 die
475 2065 583 2130 lleimat,

72 2136 184 2187 sondern
197 2133 242 2184 das
255 2133 335 2185 Lohal
347 2133 498 2185 bezeichnet
510 2132 582 2197 wird,

72 2205 98 2255 in
123 2203 248 2254 welchem
274 2202 320 2253 der
342 2201 504 2267 Gegenstand
527 2216 583 2252 ver·

72 2272 175 2323 bleihen
189 2271 251 2333 soll,
269 2270 321 2335 vgl.
335 2270 367 2321 de
382 2268 425 2320 off.
441 2271 583 2335 1.39,138:

73 2341 168 2406 Itaque
189 2339 235 2389 ille
257 2341 287 2388 in
304 2354 382 2389 ouum
400 2338 505 2388 domum
523 2353 584 2387 oon-

71 2408 189 2459 solotnm
204 2409 312 2472 primus
331 2407 432 2457 attulit.

107 2479 131 2529 2.
155 2479 209 2525 tom
235 2477 378 2540 variisque.
409 2473 463 2537 Quo
486 2476 583 2524 erstan

72 2542 393 2677 ttthtltltlnltl
407 2543 585 2676 leuitt

460 2649 466 2661 ·
520 2646 527 2660 ·
578 2648 584 2674 r

72 2683 117 2734 83:
140 2697 170 2730 ea
189 2695 278 2745 reque.

106 2747 228 2831 frpetum
241 2740 432 2814 ‘genulsreiche
449 2744 585 2797 Unterhal-

72 2824 117 2870 tun
146 2857 152 2868 .

107 2831 137 2938 58
155 2883 230 2933 cultu
252 2887 332 2948 atque
353 2883 440 2933 victu:
471 2879 585 2932 comfort

72 2954 117 3005 der
127 2951 422 3016 Lebensgemeinschalt,
430 2949 485 3015 vgl.
495 2951 536 3013 22,
543 2951 584 3001 63.

73 3022 123 3073 Der
149 3034 229 3085 ganne
256 3017 465 3085 propositionelle
492 3016 585 3068 Zosatz

74 3088 177 3141 vertritt
189 3087 230 3138 ein
243 3086 366 3152 Attribut,
386 3087 435 3138 wie
447 3084 488 3137 Ν.
503 3088 526 3150 8,
540 3087 585 3138 18:

74 3155 332 3287 aepmppptwippa
342 3223 425 3273 cedat.
450 3221 484 3274 So
496 3220 585 3273 Parad.

73 3293 105 3346 V.
118 3293 244 3357 l,34:oui
248 3291 353 3356 quidem
359 3290 587 3355 (sapientilotiam,

74 3378 143 3428 quoe
161 3362 214 3409 vim
239 3360 334 3409 habore
354 3361 500 3409 maximam
521 3360 587 3410 dici-

75 3436 129 3491 tor,
147 3428 262 3490 fortuna
280 3430 339 3492 ipso
356 3427 434 3479 cedit.

111 3501 134 3550 8.
157 3499 262 3546 beatum
281 3488 513 3559 ‘Gltrckseliglteit',
536 3494 587 3546 wie

76 3570 118 3630 15,
133 3568 180 3624 45;
198 3564 250 3629 vgl.
268 3563 286 3616 1.
300 3567 324 3628 5,
337 3565 366 3616 9:
384 3564 519 3614 mireum.

111 3638 152 3687 to.
164 3635 193 3682 in
205 3632 369 3682 violo-aut
380 3634 408 3681 io
418 3625 588 3682 rosa:‘wenu

76 3704 146 3754 einer
159 3700 204 3751 aui
216 3698 302 3752 Rosen
316 3702 432 3766 gehettet
442 3690 498 3750 ist'.
528 3698 588 3751 llor.

77 3771 157 3821 Corm.
170 3768 188 3819 l.
201 3771 225 3830 5,
239 3772 266 3820 l:
292 3768 356 3832 Quis
375 3767 459 3818 mullo
474 3769 590 3833 gracilis

77 3843 102 3888 te
116 3854 187 3904 puer
203 3842 232 3886 tn
250 3852 313 3887 rora
326 3866 357 3876 —
370 3839 467 3900 urget?
484 3865 515 3874 -
529 3836 589 3887 Data
608 3834 614 3846 '

78 3922 136 3958 man
155 3907 180 3956 in
194 3903 254 3956 lust
271 3906 323 3957 und
336 3904 433 3957 Frende
451 3904 505 3956 sich
525 3903 590 3955 auch

634 1999 681 2050 mit
692 1997 890 2050 Rosenhrinzen
906 1997 1056 2050 sohmdchte
1073 2013 1094 2049 s.
1106 1998 1145 2050 lll.

636 2069 677 2130 18,
691 2069 732 2132 43,
750 2082 792 2117 wo
804 2084 866 2118 roeo
880 2067 1006 2119 ebenlallo
1019 2065 1146 2118 kollehtiv

635 2136 711 2187 steht.

670 2208 711 2257 11.
723 2205 767 2255 An
779 2204 899 2270 Epicuro
913 2207 961 2254 cet.
988 2202 1038 2255 Der
1047 2203 1145 2269 Gegen-

635 2277 689 2324 satz
703 2272 790 2323 hierzu
805 2272 881 2322 sollte
893 2272 1005 2327 nachher
1017 2272 1084 2322 sein:
1103 2275 1145 2335 iis,

636 2345 683 2407 qui
700 2341 771 2390 nihil
781 2341 966 2407 expetendum,
984 2340 1058 2405 quod
1068 2342 1146 2391 hono-

634 2414 703 2459 stata
715 2413 815 2471 eareat,
834 2410 999 2473 amistimant,
1016 2424 1071 2457 aron
1086 2409 1146 2458 liee-

637 2479 692 2526 bit?
726 2474 761 2526 lla
781 2475 868 2526 Cicero
892 2475 953 2526 aher
976 2475 1018 2527 bei
1036 2474 1146 2541 Epilrurs

637 2544 747 2595 Ansicht
758 2544 846 2608 linger
858 2543 984 2605 verweilt,
1003 2558 1032 2594 so
1045 2542 1107 2594 hebt
1119 2558 1146 2594 er

637 2611 705 2679 §75
723 2627 774 2663 von
793 2626 883 2663 neuem
903 2626 947 2662 an:
971 2611 1025 2662 Sed
1046 2627 1104 2662 com
1122 2613 1147 2661 io

637 2683 712 2732 dicat
729 2685 777 2732 cet

672 2750 711 2802 13.
723 2753 752 2798 ut
762 2749 840 2798 halet
848 2763 876 2797 so
884 2763 939 2797 ros:
950 2747 1014 2798 nach
1024 2747 1146 2808 dem,wle

637 2817 678 2868 die
697 2816 780 2868 Sache
801 2830 852 2866 nun
871 2815 965 2866 eiomal
983 2816 1060 2878 steht,
1079 2815 1102 2867 d.
1122 2816 1146 2868 h.

637 2885 668 2936 da
688 2901 715 2936 er
732 2885 796 2937 eben
811 2883 857 2935 das
868 2882 987 2950 Richtige
1006 2883 1077 2948 trifft,
1094 2884 1146 2950 vgl.

637 2955 679 3019 28,
689 2955 733 3006 82:
747 2969 799 3019 quo
811 2952 890 3003 modo
902 2968 974 3004 nunc
986 2957 1037 3013 θεὼ
1051 2957 1147 3015 tamon,

639 3023 698 3073 weil
717 3022 758 3075 die
774 3021 969 3086 lnltonsequenz
988 3020 1033 3072 des
1052 3020 1149 3087 Epihur

637 3091 694 3142 eine
709 3090 885 3155 Zustimmung
904 3089 1005 3140 Ciceros
1022 3089 1093 3140 nicht
1110 3103 1148 3140 er·

638 3163 735 3210 werten
754 3159 823 3211 litlot

668 3246 707 3295 15.
718 3239 1149 3307 eumpraosortim,vgl.lll.2l,5l.

675 3330 714 3380 16.
733 3327 824 3377 dolore
848 3324 962 3386 deliniat
981 3318 1064 3377 ‘nach
1091 3325 1149 3377 dem

640 3395 760 3447 Schmerz
781 3384 933 3452 bestimmt’;
954 3393 1004 3445 wie
1022 3393 1091 3445 Lael.
1110 3396 1149 3456 16,

640 3465 686 3516 58ι
700 3462 795 3525 definit
803 3463 952 3511 amicitiam
960 3465 1075 3526 paribus
1090 3461 1151 3523 ⁰sfi·

639 3533 689 3581 ciis
706 3546 739 3581 ao
755 3528 946 3580 voluntatibus.

676 3619 715 3668 tt.
734 3616 842 3665 honesta
862 3617 968 3678 turpia,
987 3613 1039 3678 vgl.
1062 3612 1080 3664 l.
1108 3615 1149 3675 26,

640 3686 686 3737 64:
709 3699 806 3749 euporo
823 3678 923 3744 infera,
942 3681 993 3732 und
1011 3688 1090 3733 uuteu
1109 3684 1150 3746 39,

641 3755 702 3806 114:
721 3754 790 3802 dono
803 3751 884 3813 malo,
897 3765 982 3815 aequo
994 3752 1089 3815 iniqua
1102 3757 1151 3802 cet.

676 3839 715 3889 18.
733 3837 824 3886 ieonis
840 3850 920 3885 conoe
940 3833 1061 3900 sundere,
1079 3851 1100 3888 s.
1119 3850 1151 3886 zu

639 3905 677 3958 lll.
703 3907 742 3970 18,
760 3906 807 3965 42;
833 3907 975 3968 occupatos
998 3894 1151 3970 ‘belongen’.
