2550 4410
479 235 573 289 nrnnn
590 237 632 291 rr.
651 239 692 306 24,
706 239 747 290 aa.
1090 239 1130 298 85

58 428 145 483 nem,
168 408 270 470 utilem
286 410 374 470 etiam
389 409 584 483 dementiam,
601 411 680 489 quod
697 418 727 471 et
740 410 838 472 insani
854 419 884 472 et
899 412 971 473 ebrii
987 414 1077 476 multa
1092 414 1136 474 la-

58 497 143 556 ciunt
158 513 246 574 saepe
262 496 474 557 vehementius.
505 494 630 575 Semper
645 496 716 556 Aiax
731 497 826 572 fortis,
841 497 1021 560 fortissimus
1036 509 1134 560 tamen

59 582 89 641 in
106 581 223 654 surore·;
275 643 277 647 ,
676 642 678 647 .

126 665 204 727 Nacn
219 666 336 745 sicinus
350 665 419 744 iecit
433 668 616 737 minumum,
632 685 697 727 cunc
714 665 827 729 anais
842 667 1052 729 inclinantibus

20 763 36 813 a
124 750 275 812 Sunucim
288 770 351 813 rem
361 752 492 831 perfecit,
509 770 601 813 manu
616 755 670 813 sud
683 756 810 814 restitnit
819 753 965 833 proelium

123 836 287 898 lnsdniens.
607 852 610 856 ’

145 922 282 983 Dicamus
297 922 387 1001 igitur
403 921 504 984 utilem
519 919 687 983 insaniam?
717 922 823 984 Tracta
844 923 1033 986 definitiones
1052 888 1190 1021 lorti-{g

59 1007 180 1081 tudinis,
202 1007 355 1087 intelleges
370 1025 435 1068 eam
450 1007 602 1068 stomacho
619 1026 680 1067 non
697 1025 794 1086 egere.
824 1007 979 1071 Fortitudo
991 1018 1037 1071 est
1050 1009 1141 1089 igitur

59 1092 185 1153 adiectio
207 1092 296 1152 animi
311 1092 368 1171 legi
391 1111 521 1154 summae
542 1093 573 1152 in
595 1092 797 1172 perpetiendis
816 1094 907 1155 rebus
930 1094 1139 1174 obtemperans

10 1190 36 1242 ιο
58 1178 104 1238 rel
125 1178 308 1238 conservatio
332 1177 442 1239 stahiHs
464 1177 563 1238 indicii
586 1177 616 1238 in
641 1177 683 1239 eis
705 1178 812 1252 rebus,
836 1197 912 1258 quae
932 1180 1140 1243 formidolosae

58 1264 214 1336 videntur,
235 1263 398 1325 subeundis
414 1271 443 1324 et
458 1263 636 1342 repellendis
651 1263 696 1324 rel
711 1263 834 1324 scientia
849 1281 951 1326 rerum
966 1265 1139 1329 formidolo-

60 1366 160 1410 sarum
177 1349 453 1427 contrariarumque
475 1356 527 1409 aut
550 1349 673 1408 omnino
690 1348 939 1429 neglegendarum
962 1369 1141 1414 conservans

61 1452 162 1495 earum
175 1452 276 1494 rernm
288 1433 391 1495 stabile
402 1433 554 1507 iudicium,
568 1433 614 1494 vel
625 1433 753 1509 brevius,
770 1444 803 1495 ut
817 1435 999 1517 Chrysippus
1015 1471 1058 1481 —
1071 1456 1140 1498 nam

61 1519 230 1599 superiores
252 1519 442 1580 definitiones
463 1529 549 1580 erant
571 1519 710 1599 Sphaeri,
732 1520 863 1582 hominis
884 1523 914 1581 in
938 1521 1042 1600 primis
1063 1523 1141 1584 hene

10 1616 35 1667 [5
61 1605 246 1678 definientis,
270 1614 303 1665 ut
317 1613 424 1684 putant
439 1605 548 1680 Stoici;
569 1612 642 1665 sunt
656 1605 736 1665 enim
752 1605 875 1667 omnino
898 1625 1002 1668 omnes
1022 1609 1085 1669 lere
1100 1609 1142 1669 si·

60 1690 159 1764 mileS,
182 1688 233 1751 sed
251 1689 402 1751 declarant
423 1689 589 1751 communis
604 1690 744 1751 notiones
763 1691 819 1751 alia
841 1692 933 1770 magis
954 1691 1009 1752 alia
1023 1726 1065 1736 —
1081 1711 1140 1772 quo

59 1775 149 1836 modo
171 1774 263 1852 igitur
278 1773 481 1855 Chrysippus?
511 1775 665 1836 Fortitudo
682 1783 741 1847 est,
762 1776 876 1856 inquit,
896 1777 1018 1838 scientia
1040 1796 1141 1840 rerum

59 1859 304 1940 perferendarum
316 1860 361 1921 vel
377 1861 503 1921 adiectio
516 1859 606 1922 animi
621 1860 651 1921 in
665 1860 805 1940 patiendo
817 1880 851 1922 ac
864 1863 1043 1941 perferendo
1059 1882 1141 1925 sum·

60 1965 125 2008 mae
140 1945 197 2023 legi
213 1964 323 2024 parens
339 1947 403 2008 sine
418 1946 533 2007 timore.
564 1944 703 2015 Quamvis
717 1946 788 2008 licet
801 1947 984 2008 insectemur
998 1948 1085 2022 istos,
1110 1956 1142 2010 ut

96 2082 119 2130 4.
139 2077 247 2139 faunus
269 2078 337 2139 fecit
353 2085 412 2146 ceh,
433 2080 579 2146 jamhische
631 2075 762 2150 ἀνδρείαν
773 2075 926 2150 ἐπιστήμην
938 2077 989 2152 φὴς
1001 2077 1100 2136 δεινῶν
1111 2101 1142 2136 τε

63 2147 202 2209 Oktonare,
220 2148 291 2199 viell.
313 2163 359 2200 ans
376 2147 514 2202 Pacuvius.
630 2151 677 2200 nai
694 2147 865 2220 θαρραλὸων
882 2149 961 2202 εἶναι.

97 2215 309 2281 inclinantibus,
339 2217 366 2268 in
399 2217 444 2270 der
472 2217 578 2269 Militat·
663 2221 712 2268 aut
723 2221 831 2269 omnino
840 2219 1077 2284 neglegendarum,
1088 2218 1113 2271 d.
1123 2218 1142 2274 i.

62 2284 170 2351 sprache
193 2284 231 2335 als
248 2283 439 2337 lntransitivum
459 2279 578 2338 ‘nurfick-
628 2283 674 2336 der
700 2280 846 2405 ddcipapa.
881 2287 952 2339 Nach
971 2287 1028 2339 dem
1047 2287 1142 2354 griech.

63 2343 202 2412 weichen'3
221 2368 251 2404 so
270 2352 311 2404 bei
330 2353 383 2405 Lir.
402 2353 477 2406 biter.
629 2351 744 2419 Original
787 2357 866 2406 bnnte
891 2370 949 2407 meu
968 2360 995 2406 at
1012 2359 1076 2408 stati
1094 2360 1143 2406 aut

98 2424 121 2472 5.
149 2435 280 2471 summam
305 2437 362 2472 run
385 2447 420 2467 =
437 2425 578 2473 uniuersae
629 2425 770 2485 eruarten,
796 2421 857 2473 aher
875 2423 925 2475 Cic.
947 2422 992 2474 hat
1010 2423 1074 2487 sich,
1091 2425 1142 2474 wie

63 2490 229 2555 reipublicae
241 2490 364 2542 salutern.
378 2481 437 2540 ‘hls
450 2489 495 2542 der
507 2489 577 2542 Gric-
629 2489 695 2540 auch
719 2490 764 2541 der
782 2489 874 2541 Zusatz
897 2494 1006 2541 omnino
1025 2491 1142 2555 beneist,

64 2558 129 2608 chen
147 2555 242 2608 Schiile
260 2558 395 2621 brannten,
413 2573 467 2609 war
484 2559 510 2609 in
529 2559 579 2610 sei·
629 2556 702 2609 nicht
719 2572 802 2625 genau
814 2556 912 2609 denaeb
925 2558 1051 2623 gerichtet
1063 2573 1087 2609 u.
1100 2558 1142 2610 die
1223 2555 1226 2561 ’

65 2640 123 2677 nem
141 2625 203 2676 Arm
226 2624 272 2676 das
289 2622 362 2678 Heu?
386 2625 445 2691 Vgl.
463 2625 536 2678 llom.
549 2627 577 2679 ll.
629 2619 768 2695 ἀδιάφορα
780 2625 818 2676 als
831 2625 907 2677 einen
923 2626 1033 2678 aweiteu
1046 2625 1142 2692 llanpt·

64 2692 119 2744 XV.
133 2695 181 2744 727
193 2707 249 2760 sqq.
268 2693 307 2744 An
318 2693 519 2747 denWahnsinn
532 2694 578 2746 des
630 2693 676 2746 teil
697 2693 747 2745 den
765 2692 878 2760 bingen,
896 2694 996 2746 welche
1014 2695 1080 2746 nach
1098 2695 1143 2748 der

64 2763 130 2827 Ajax
143 2761 178 2812 ist
196 2762 250 2813 hier
267 2762 339 2814 nicht
355 2778 387 2814 zu
405 2761 507 2816 denhen
527 2762 578 2815 und
631 2763 706 2814 einen
731 2761 793 2814 oder
816 2761 927 2815 anderen
950 2762 1020 2816 Seite
1044 2763 1085 2815 ein
1103 2763 1143 2815 ln·

64 2834 93 2880 in
111 2828 207 2890 furora
218 2829 340 2883 bedentet
357 2832 463 2895 (ebeuso
475 2832 525 2882 wie
538 2834 579 2882 in·
630 2834 728 2882 teresse
745 2830 887 2894 einflolsen‚
906 2835 1142 2898 entgegengesetzt.

63 2899 195 2959 seniendi
214 2898 240 2949 in
258 2898 304 2949 der
321 2898 451 2953 Zornwut.
667 2901 707 2951 13.
727 2897 898 2966 Chrysippus,
922 2914 942 2951 s.
955 2916 986 2953 zu
999 2899 1016 2951 l.
1029 2903 1071 2965 45,
1085 2903 1142 2954 108.

100 2970 123 3018 7.
148 2965 246 3017 Tracta
262 2961 356 3018 ‘Nimm
375 2964 445 3031 ror’,
472 2967 527 3020 also
545 2993 580 3013 =
668 2970 707 3019 14.
732 2966 877 3034 Spbamcs,
901 2982 961 3020 rom
981 2968 1143 3020 thracischeu

65 3034 215 3087 considera.
233 3033 333 3101 Wegen
346 3035 391 3088 der
404 3035 521 3088 Structur
533 3035 579 3088 des
631 3033 772 3102 Bosporus,
784 3037 825 3087 ein
839 3035 1048 3101 SchblerZenos‚
1059 3037 1142 3089 lehrte

64 3102 155 3154 Satzes
173 3116 193 3152 s.
206 3102 224 3155 1.
239 3105 279 3169 13,
292 3104 324 3156 30
343 3119 374 3156 nu
397 3103 477 3156 Tolle.
631 3107 717 3155 auersi
733 3103 759 3154 in
776 3103 942 3168 Lacedirmon,
961 3104 1029 3155 danu
1047 3103 1143 3156 inAle·

101 3173 124 3223 8.
133 3172 428 3234 ctamncho=iraiwie
437 3171 502 3223 auch
513 3172 580 3224 oben
631 3171 745 3223 xandria.

66 3241 108 3302 21,
119 3241 152 3291 48
165 3241 337 3304 stomachari)
354 3239 425 3292 nicht
438 3240 533 3303 selten3
551 3240 578 3290 in
665 3242 707 3292 15.
716 3243 824 3291 omnine
834 3238 889 3291 hier
897 3231 1144 3299 houzessir:‘aller-

65 3306 191 3373 gleichem
211 3306 289 3359 Sinne
307 3308 420 3359 nachher
436 3311 532 3359 rabies.
632 3306 707 3372 dings
723 3332 758 3353 =
776 3299 867 3360 awar'.

100 3375 578 3439 diega·summae,d.h.derVernunlt.
665 3377 706 3428 16.
739 3377 886 3426 communis
911 3377 1042 3426 nuuonss.
1082 3373 1144 3427 nats

99 3446 129 3492 in
149 3445 333 3509 pupettendis
357 3447 452 3510 rebus,
478 3459 514 3497 sc.
533 3444 579 3495 aci·
631 3443 704 3494 nicht
716 3443 878 3508 Stoicorum,
897 3441 1007 3495 sondern
1025 3445 1144 3494 amnium

66 3514 158 3562 verns.
631 3513 769 3562 bominum
791 3509 1003 3563 hinzuzudenhen
1030 3511 1078 3576 ist,
1105 3525 1144 3562 er·

103 3581 142 3632 12.
155 3582 364 3644 cannariarum,
383 3580 407 3631 d.
420 3579 437 3631 i.
455 3596 511 3631 non
521 3579 580 3640 sar·
631 3579 703 3645 giebt
716 3579 770 3631 sich
786 3594 832 3631 aus
846 3578 903 3630 dem
915 3577 1077 3644 Folgenden:
1096 3595 1144 3630 na·

64 3648 266 3699 midelosarum.
279 3647 352 3700 Stob.
362 3647 415 3699 nar.
423 3647 474 3699 eth.
484 3663 509 3715 p.
517 3650 578 3701 104:
632 3650 733 3698 hanun
755 3653 888 3710 nostrane,
916 3662 995 3712 quam
1019 3648 1145 3698 babemus

65 3711 235 3785 ἀνδρείαν
260 3711 295 3767 δὲ
318 3711 343 3778 (ὁ
368 3713 469 3781 Ζήνων
496 3718 582 3786 φησὶν
634 3730 743 3766 omnes
761 3715 793 3766 de
807 3714 972 3777 fortitudine
990 3719 1087 3768 tactam
1104 3720 1144 3767 at·

65 3782 146 3848 εἶναι)
178 3783 333 3851 ἐπιστήμην
364 3780 492 3836 δεινῶν
524 3787 581 3835 καὶ
633 3799 683 3850 qna
700 3784 859 3835 inuolutam.

65 3849 101 3918 ab
136 3848 263 3903 δεινῶν
291 3855 348 3903 nui
378 3846 580 3920 οὐδετέρων.
668 3855 708 3904 17.
726 3854 822 3918 igitur,
842 3852 891 3903 wie
911 3854 934 3917 5,
947 3854 971 3904 9.

64 3920 176 3972 Ahnlich
194 3919 270 3972 Plato
288 3920 323 3972 im
335 3920 412 3974 Lech.
427 3920 442 3986 ξ
456 3922 487 3972 61
495 3941 501 3972 :
524 3916 578 3986 Τὴν
668 3923 708 3974 19.
728 3921 855 3985 Quamuis
868 3920 930 3972 licet
941 3923 1100 3972 insectentur
1111 3940 1145 3963 ε
