2542 4394
154 226 215 285 150
526 223 621 279 LIBER
639 223 669 276 V.
688 225 848 288 32‚90—92.

151 408 232 472 runt,
248 406 281 460 ut
295 399 399 472 amori,
415 406 448 460 ut
458 397 621 471 ambitioni,
636 403 670 457 ut
681 396 835 457 cotidianis
850 395 1019 475 sumptibus
1034 395 1144 477 copiae
1159 416 1224 476 sup·

150 492 268 564 petant,
288 502 355 545 cum
378 484 484 564 procul
504 483 540 545 ab
565 483 610 545 his
625 480 765 544 omnibus
779 482 869 543 rebus
883 481 973 553 absit,
996 500 1053 542 cur
1068 482 1224 562 pecuniam

98 579 129 632 bu
149 588 258 649 magno
270 587 360 649 opere
372 569 520 631 desideret
534 569 579 630 vel
593 567 693 647 potius
708 585 763 628 cur
778 576 863 628 curet
877 564 1025 627 omnino?
1042 565 1091 628 An
1105 567 1224 648 Scythes

150 653 327 716 Anacharsis
341 654 438 734 potuit
452 673 507 734 pro
530 653 622 715 nihilo
641 653 799 731 pecuniam
815 652 940 727 ducere,
963 660 1118 714 nostrates
1133 652 1223 733 philo·

150 739 236 819 sophi
249 740 345 800 lacere
358 740 436 800 idem
448 759 508 801 non
522 735 687 818 poterunt?
703 737 786 799 Illius
801 736 924 816 epistula
940 738 1039 798 fertur
1054 736 1103 799 his
1115 737 1222 799 verbis:
1240 748 1250 798 t

146 818 338 886 ‘Annnmnsrs
359 825 492 885 Hannoni
511 842 648 885 mutans.
685 822 756 884 blihi
776 822 893 882 amictui
915 830 959 883 est
982 822 1161 902 Scythicum
1184 831 1222 884 tc·

149 911 259 990 gimen,
275 909 498 971 calciamentum
511 909 642 970 solorum
654 908 769 983 callum,
785 907 881 968 cubile
891 915 980 980 terra,
996 907 1222 987 pulpamentum

149 996 257 1070 fames;
280 994 369 1067 lacte,
393 1013 494 1067 caseo,
517 1013 607 1056 carne
628 1011 739 1054 vescor.
782 992 893 1063 Quare
915 1002 949 1052 ut
968 993 1003 1053 ad
1027 993 1166 1072 quietum
1181 1012 1222 1053 me

150 1080 218 1141 licet
238 1080 353 1154 venias;
375 1098 497 1140 munera
517 1088 616 1140 antem
632 1078 700 1151 ista,
722 1078 831 1157 quihus
845 1097 878 1139 es
891 1077 1073 1152 delectatus,
1095 1079 1143 1139 vel
1159 1078 1222 1140 civi-

150 1165 206 1226 bus
233 1165 290 1226 tuis
311 1164 356 1224 rel
381 1163 425 1226 dis
446 1164 660 1225 immortalibus
685 1153 781 1224 dona.³
829 1163 940 1225 Omnes
965 1163 1029 1224 fere
1056 1163 1223 1244 philosophi
1240 1171 1257 1224 lt

151 1250 283 1310 omnium
305 1248 541 1329 disciplinarum,
565 1249 621 1310 nisi
642 1267 719 1327 qnos
736 1267 752 1309 a
770 1256 850 1309 recta
865 1248 981 1309 ratione
997 1256 1107 1309 natura
1124 1249 1223 1310 vitiosa

97 1345 126 1396 91
147 1334 334 1407 detorsisset,
366 1333 468 1395 eodem
491 1336 549 1395 hoc
578 1334 678 1394 animo
701 1352 767 1395 esse
788 1342 960 1412 potuerunt.
1005 1333 1166 1408 Socrates,
1196 1335 1222 1395 in

149 1437 258 1499 pompa
268 1437 335 1480 cum
348 1438 454 1499 magna
466 1420 508 1481 vis
520 1420 584 1480 auri
595 1419 771 1498 argentique
784 1419 922 1491 ferretur,
934 1411 1052 1490 ‘Quam
1062 1420 1159 1482 multa
1170 1439 1223 1481 non

148 1494 303 1567 desiderol'
319 1504 425 1584 inquit.
455 1503 646 1578 Xenocrates,
663 1522 730 1565 cum
745 1503 832 1583 legati
842 1503 879 1563 ab
892 1504 1061 1564 Alexandro
1074 1505 1221 1584 quinqua-

148 1589 229 1669 ginta
251 1589 278 1650 ei
300 1590 409 1651 talenta
431 1591 613 1663 attulissent,
640 1608 715 1668 quae
734 1597 798 1650 erat
812 1588 937 1668 pecunia
953 1590 1146 1668 temporibus
1162 1590 1221 1661 illis,
1239 1597 1257 1649 tt

148 1675 273 1736 Athenis
287 1675 469 1754 praesertim,
485 1677 619 1750 maxima,
635 1674 756 1735 abduxit
768 1674 880 1754 legatos
891 1674 926 1734 ad
942 1691 1047 1734 cenam
1064 1675 1096 1735 in
1110 1675 1221 1736 Acade·

148 1761 252 1834 miam;
278 1761 313 1822 iis
334 1761 472 1841 apposuit
492 1770 624 1833 tantum,
651 1759 731 1838 quod
753 1760 822 1820 satis
843 1769 935 1832 esset,
961 1758 1045 1820 nullo
1069 1771 1221 1840 apparatu.

148 1845 221 1907 Cum
237 1846 379 1926 postridie
395 1856 537 1925 rogarent
553 1864 636 1918 eum,
653 1846 701 1906 cui
718 1845 868 1906 numerari
884 1844 1016 1918 iuberet,
1030 1837 1155 1917 ‘Qatnu
1176 1865 1222 1907 aas

146 1922 291 1993 hesterna'
316 1931 414 2009 inquit
426 1926 538 1993 ‘cenula
559 1949 617 1991 non
633 1929 814 1991 intellexistis
828 1949 873 1991 me
884 1933 1008 2010 pecnnia
1023 1949 1085 1992 nan
1100 1929 1220 2010 egerel'

149 2015 231 2086 Quos
243 2034 310 2076 cum
326 2016 471 2077 tristiores
486 2017 614 2089 vidisset,
630 2015 750 2095 triginta
765 2016 862 2076 minas
877 2015 998 2094 accepit,
1015 2034 1055 2076 ne
1070 2016 1221 2096 aspernari
1237 2024 1256 2074 n

95 2109 125 2160 92
148 2102 227 2181 regis
242 2101 444 2161 liberalitatem
462 2101 617 2161 videretur.
641 2101 679 2161 At
693 2119 762 2162 vero
774 2101 921 2180 Diogenes
936 2099 1070 2173 liberius,
1086 2110 1122 2161 ut
1134 2101 1219 2182 Cyni-

148 2202 209 2258 cus,
226 2185 392 2246 Alexandro
407 2186 523 2264 roganti
539 2195 573 2246 ut
587 2184 707 2260 diceret,
724 2185 747 2247 si
763 2185 832 2265 quid
849 2204 924 2265 opus
939 2196 1025 2259 esset,
1039 2178 1143 2248 ‘Nunc
1160 2189 1220 2267 qui-

181 2388 205 2438 3.
226 2388 271 2438 An
289 2416 316 2424 -
341 2389 434 2453 potuit
455 2417 489 2425 —
506 2403 561 2438 non
583 2392 656 2453 potc-
705 2389 785 2457 γόνου
801 2383 868 2456 πρὸς
880 2388 935 2453 apt,
952 2386 976 2438 si
987 2381 1052 2438 τινά
1062 2406 1116 2454 μου
1129 2394 1220 2459 χρείαν

146 2459 229 2506 runt?
247 2471 267 2507 s.
280 2456 297 2507 l.
312 2458 352 2522 14,
364 2457 395 2508 31
411 2471 442 2506 zu
454 2457 529 2522 Ergo
545 2458 656 2507 arbores
706 2457 781 2519 dgnus.

145 2528 222 2576 serat.
742 2525 766 2575 9.
785 2525 881 2589 quitus
894 2540 920 2573 es
932 2524 1086 2587 delectatus,
1103 2525 1139 2577 im
1153 2525 1220 2578 urte-

183 2592 295 2659 chthes
311 2592 486 2655 Anacharsis,
504 2591 553 2643 wie
570 2593 610 2655 19,
624 2594 655 2644 55
708 2590 828 2642 chischen
846 2588 885 2642 oh
902 2592 1062 2660 ἐντρυφᾶτε.

147 2660 318 2725 collegassni
329 2660 438 2711 Octauii.
451 2658 655 2722 —Anacharsis
743 2662 782 2712 14.
800 2657 973 2725 Xenocrates,
990 2675 1010 2711 s.
1029 2676 1061 2711 zu
1080 2660 1100 2712 l.
1121 2665 1164 2726 10,
1182 2665 1220 2715 20.

146 2726 326 2778 Brudereiues
340 2727 504 2794 scythischen
515 2726 612 2793 Khnigs
624 2743 656 2780 zu
744 2729 783 2779 16.
801 2728 915 2778 Athenis
927 2731 1100 2794 praesertim.
1138 2729 1220 2781 Athen

147 2793 241 2846 Solous
268 2794 338 2858 Zeit,
364 2795 423 2846 kam
450 2810 496 2846 aus
522 2795 599 2847 liobe
626 2811 658 2846 au
710 2809 764 2846 war
782 2796 847 2847 nach
864 2795 923 2847 dem
942 2795 1034 2861 llriege
1053 2796 1100 2847 mit
1119 2797 1220 2864 Philipp

146 2862 318 2928 griechischen
344 2861 454 2929 Rildnng
485 2863 567 2914 selbst
592 2862 657 2914 nach
709 2862 744 2912 im
763 2861 909 2915 Verhhltnis
931 2880 962 2915 zu
980 2863 1030 2914 den
1049 2863 1180 2918 Kolonien
1196 2867 1221 2917 in

146 2928 339 2982 Griechenlnnd.
365 2928 414 2981 ber
432 2930 658 2983 citierteBriefist
709 2929 855 2982 Kleinnsien
886 2930 937 2982 und
964 2930 1221 2998 Grolsgriechenlaud

145 2997 340 3049 unzweilelhalt
358 2999 460 3050 unecht.
709 2999 765 3051 eine
785 3014 853 3051 orme
871 2998 952 3051 Stadt.

180 3070 204 3121 4.
221 3070 355 3117 nostrates
364 3067 530 3131 philosophi:
547 3066 587 3118 die
598 3065 657 3117 Phi·
744 3071 784 3120 17.
798 3071 901 3118 tantam
913 3069 993 3134 qnod,
1009 3069 1054 3131 (=
1065 3073 1098 3118 nt
1110 3070 1152 3134 id)
1170 3070 1223 3121 hier

145 3135 273 3202 losophen
284 3135 325 3186 hei
335 3149 383 3186 uns
393 3150 424 3185 zu
434 3133 526 3199 Laude,
535 3135 569 3184 im
581 3133 655 3200 Gegs.
708 3134 911 3200 besehriinltend,
928 3136 978 3187 wie
996 3136 1028 3187 de
1046 3136 1097 3202 leg.
1114 3137 1143 3189 ll.
1158 3142 1182 3201 3,
1195 3141 1223 3191 6:

145 3219 178 3255 zu
196 3205 253 3255 dem
272 3202 399 3254 Barbaren
417 3202 584 3267 Anacharsis,
602 3201 657 3254 bier
709 3208 814 3254 tantam
836 3205 1033 3270 complectitur,
1061 3207 1138 3269 quod
1159 3212 1224 3258 satis

145 3272 240 3324 insbes
259 3271 300 3323 die
318 3271 466 3337 Epikureer.
707 3274 744 3321 sit
761 3272 881 3323 modicae
893 3272 1056 3338 palaestrae,
1075 3273 1139 3325 loci.

180 3343 203 3392 6.
228 3340 384 3407 Scythicam
407 3344 528 3404 tegimus.
568 3338 655 3391 lustin.
744 3343 783 3392 19.
802 3342 910 3391 cenula:
932 3339 1119 3393 bescheideues
1138 3342 1224 3405 blahl;

146 3408 172 3460 ll.
187 3411 215 3461 2:
227 3408 364 3475 (Scythae)
372 3409 486 3474 pellitus
497 3406 596 3469 setania
608 3413 657 3458 nat
707 3408 760 3473 vgl.
779 3409 820 3473 23,
839 3411 885 3461 64:
905 3408 1103 3460 homaanaalam.

146 3480 261 3527 murinis
277 3481 402 3528 utuntur.
735 3478 776 3528 20.
788 3473 1017 3528 trachones‘etwas
1026 3471 1226 3532 verdrielslicb’.

180 3547 203 3598 8.
229 3546 288 3624 Qua
311 3561 341 3594 re
371 3573 405 3624 -ι
428 3547 533 3596 nenias:
560 3536 656 3596 ‘Dnher
733 3536 1226 3623 21.libarins‘ungenierter'mtCyni-

145 3613 272 3732 llhill
281 3611 656 3733 attumulatus
708 3611 862 3734 tutti:
875 3612 1120 3734 hhttl'ttt
1138 3617 1227 3737 tit

144 3739 341 3801 Mannfinden’.
367 3748 401 3798 lm
416 3748 540 3816 Original:
560 3738 656 3800 &roba
708 3747 777 3801 dote.
813 3747 861 3798 ber
880 3748 963 3815 Khuig
985 3749 1120 3801 hemerkte
1145 3752 1228 3804 daau:

145 3831 326 3884 ⁷
344 3813 656 3951 ²2²
709 3809 976 3895 ²⁶³
1094 3820 1228 3891 ‘'tt'‘

536 3923 543 3949 ‚
834 3922 840 3934 .
