2550 4410
472 214 566 268 11666
583 212 614 267 V.
634 217 674 280 14,
683 217 725 268 41.
735 216 777 268 42.
1101 213 1161 273 125

90 407 209 449 omnem
234 407 314 448 oram
330 387 506 448 maritimam
522 387 693 449 dimisisset:
716 387 784 448 Non
799 406 866 449 sone
881 386 1013 467 optabilis
1027 390 1083 448 isto
1097 391 1163 468 qui-

90 476 163 546 dem,
179 474 286 551 inquit,
303 472 471 534 rudentibus
485 482 552 553 opto
566 473 699 551 fortuna.
732 473 778 533 An
794 472 916 533 dubium
930 480 984 544 est,
1001 472 1073 551 quin
1089 473 1163 533 nihil

90 561 130 620 sit
140 558 307 619 habendum
321 559 351 619 in
368 577 403 619 eo
419 576 537 637 genere,
554 577 613 636 quo
629 559 685 618 vita
700 557 785 619 beata
802 556 993 637 compleatur,
1009 558 1033 619 si
1049 557 1077 618 16
1093 578 1163 637 pos·

90 645 129 705 sit
144 642 260 704 amitti?
275 643 354 704 Nihil
370 643 448 703 enim
464 643 688 718 intererescere,
707 642 780 703 nihil
796 643 952 721 exstingui,
969 642 1042 702 nihil
1058 644 1162 704 cadere

44 744 64 792 5
89 730 178 790 debet
193 748 306 803 eorum,
323 730 353 789 in
370 728 477 807 quibus
492 731 549 789 vita
561 727 645 789 beata
661 728 804 791 consistit.
838 728 911 789 Nam
924 728 973 805 qui
988 728 1109 802 timebit,
1126 749 1164 789 66

90 814 162 893 quid
185 833 221 874 ex
242 815 277 876 iis
298 814 453 893 deperdat,
474 814 578 876 beatus
601 833 665 876 esse
687 833 749 874 non
764 814 883 893 poterit.
922 812 1063 875 Volumus
1084 815 1164 875 enim
1186 825 1215 876 et

90 919 170 974 eum,
186 900 237 977 qui
251 899 355 961 beatus
370 900 417 972 sit,
436 908 532 960 tntum
549 918 624 974 esse,
639 899 909 979 inexpugnabilem,
927 907 1061 978 saeptum
1075 908 1163 978 atque

89 986 253 1058 munitum,
275 1005 336 1046 non
357 993 391 1046 ut
411 1004 501 1065 parvo
524 994 604 1046 metu
625 985 776 1064 praeditus
796 984 848 1059 sit,
870 985 921 1046 sed
950 992 983 1044 ut
997 985 1088 1046 nullo.
1126 985 1164 1046 Ut

90 1071 171 1132 enim
195 1071 343 1131 innocens
366 1071 390 1130 is
412 1071 535 1144 dicitur,
558 1089 620 1131 non
640 1071 691 1148 qui
713 1070 816 1130 leviter
832 1079 934 1141 nocet,
956 1069 1006 1130 sed
1024 1069 1164 1148 qui'nihil

40 1169 66 1219 lo
92 1165 190 1229 nocet,
206 1157 248 1215 sic
261 1156 325 1216 sine
336 1164 417 1215 metu
431 1155 456 1216 is
467 1154 622 1216 habendus
633 1164 686 1229 est,
702 1174 763 1215 non
777 1154 828 1233 qui
842 1172 931 1234 parvo
947 1164 1027 1215 metu
1044 1163 1096 1230 est,
1113 1155 1162 1217 sed

91 1241 142 1318 qui
159 1241 282 1301 omnino
301 1251 383 1301 metu
397 1249 488 1301 vacat.
520 1241 602 1311 Quae
617 1249 662 1301 est
677 1240 755 1300 enim
772 1240 826 1300 alia
842 1239 985 1300 fortitudo
1001 1240 1058 1301 nisi
1074 1241 1164 1301 animi

90 1326 217 1387 adlectio
235 1345 302 1387 cum
319 1327 349 1386 in
366 1325 502 1387 adeundo
517 1325 650 1406 periculo
667 1334 696 1386 et
711 1326 741 1385 16
758 1324 859 1385 161666
875 1342 908 1385 66
923 1324 1025 1385 661666
1040 1326 1164 1405 patiens,

89 1420 153 1471 tum
174 1412 280 1491 procul
302 1410 338 1471 61
361 1412 442 1472 omni
463 1409 569 1472 metu?
594 1412 690 1489 Atque
711 1411 784 1471 haec
799 1420 879 1470 certe
895 1429 957 1470 non
972 1411 1013 1470 ita
1028 1430 1059 1472 se
1075 1411 1165 1473 habe·
1186 1421 1216 1471 42

90 1504 169 1569 rent,
185 1497 242 1557 nisi
257 1515 346 1557 omne
361 1495 474 1557 honum
490 1497 520 1556 in
536 1515 597 1557 una
610 1497 767 1557 honestate
783 1495 969 1556 consisteret.
992 1495 1050 1566 Qui
1066 1505 1165 1557 antem

40 1593 65 1645 15
89 1582 169 1642 illam
192 1583 318 1642 maxime
341 1591 471 1661 optatam
491 1590 522 1642 et
542 1582 700 1660 expetitam
717 1581 905 1642 securitatem
920 1582 1163 1642 -securitatem

90 1676 190 1728 autem
206 1685 288 1727 nunc
309 1667 425 1746 appello
447 1667 619 1727 vacuitatem
641 1665 847 1745 aegritudinis
870 1667 901 1726 in
923 1684 979 1744 qua
1001 1666 1057 1726 vita
1078 1666 1165 1727 beata

89 1752 186 1832 posita
210 1761 254 1812 est
269 1787 310 1798 -
325 1751 434 1812 hahere
455 1752 609 1831 qnisquam
630 1760 743 1831 potest,
767 1751 815 1812 oui
837 1762 888 1811 aut
908 1751 983 1811 adsit
997 1759 1047 1811 aut
1061 1752 1164 1814 adesse

89 1839 186 1918 possit
214 1837 371 1898 multitudo
400 1835 566 1898 malornm?
593 1837 650 1907 Qui
678 1847 775 1897 antem
799 1836 908 1916 poterit
930 1855 996 1896 esse
1017 1836 1114 1898 celsus
1135 1846 1166 1897 et

90 1932 209 1984 erectus
220 1932 250 1982 et
262 1941 305 1997 66,
322 1941 396 2000 quae
407 1922 663 1983 hominiaccidere
675 1929 810 2002 possunt,
826 1921 926 1981 omnia
937 1940 1027 2000 parvo
1042 1923 1165 1994 666666,

90 2008 208 2087 qualem
231 2009 396 2088 sapientem
417 2008 653 2082 essevolumus,
684 2007 741 2068 nisi
763 2007 863 2067 omnia
884 2005 941 2068 sibi
962 2007 993 2067 in
1017 2025 1049 2068 se
1071 2007 1166 2087 posita

126 2129 149 2177 1.
167 2124 229 2175 Non
246 2140 323 2189 6666,
340 2139 361 2178 6
380 2140 412 2175 zu
429 2123 467 2176 lll.
488 2126 584 2189 11122.
654 2123 765 2175 anderen
783 2122 838 2174 Fall
858 2138 910 2173 von
932 2128 957 2173 et
978 2123 1045 2174 belm
1068 2123 1165 2177 letzten

125 2195 149 2243 2.
170 2193 329 2242 rudentibus
351 2190 986 2275 6661666666-6116666.6611’.1,16.

86 2253 603 2327 116166686116616663616611116111
688 2262 711 2312 8.
735 2265 807 2309 metu
827 2260 977 2324 praeditur.
1012 2247 1165 2325 dhnlichp.

87 2329 146 2380 dem
170 2329 272 2380 1161666
290 2329 395 2380 Ablativ
417 2327 1089 2395 6661166163.11166663,6;16611616Η66661616
1104 2345 1165 2395 per-

85 2398 104 2448 l.
125 2400 166 2462 21,
182 2400 229 2448 56:
247 2401 303 2447 6116
322 2401 386 2463 apta
404 2399 510 2447 6161616.
543 2395 601 2462 Vgl.
653 2396 732 2460 fidia,
751 2396 879 2456 6666616;
903 2396 1004 2447 66166.
1021 2396 1039 2448 l.
1057 2399 1099 2460 41,
1117 2399 1165 2449 88:

86 2482 120 2516 zu
140 2467 180 2528 12,
194 2466 234 2518 36.
650 2464 755 2528 grandi
777 2466 844 2514 vitio
863 2463 1019 2530 1666611661
1043 2464 1166 2528 366616-

115 2535 160 2584 An
172 2534 283 2584 dubium
296 2536 393 2583 esteet.
421 2530 480 2583 lllan
493 2532 601 2585 1666116
653 2532 733 2582 116166
750 2531 849 2582 16611161
868 2547 919 2583 666
938 2535 1016 2596 gutcn
1034 2530 1141 2597 Dingen.

86 2602 137 2653 den
157 2601 241 2652 Zirkel
260 2602 285 2652 in
304 2600 352 2652 den
371 2599 518 2652 Godanken.
553 2599 603 2653 Der
689 2598 1165 2663 16616666166616111616616161.

86 2669 190 2721 Redner
203 2669 339 2734 appelliert
349 2668 428 2720 611666
438 2668 517 2720 durch
527 2669 601 2719 61666
654 2670 695 2731 22,
709 2671 753 2719 51;
772 2670 830 2718 eine
841 2683 960 2733 corpore.

86 2737 183 2790 Schein
206 2737 251 2789 der
268 2738 479 2802 Argumentation
502 2736 548 2787 mit
566 2753 602 2787 66
688 2739 729 2789 11.
754 2735 828 2799 Quae
845 2741 884 2786 eat
906 2738 977 2785 enim
994 2740 1043 2787 cet.
1067 2736 1166 2788 6611611

86 2822 120 2857 66
139 2805 185 2856 666
201 2805 353 2871 allgemelne
365 2804 600 2857 Bewulstseinvon
653 2804 694 2855 616
715 2803 885 2869 Erlduterung
909 2803 954 2855 des
973 2803 1166 2871 1661666166-

86 2873 350 2939 derNotwendigkeit
361 2872 601 2938 odeanlassigkeit
652 2871 710 2936 den,
722 2872 807 2923 indem
819 2872 863 2924 161
874 2874 898 2922 ie
909 2873 1045 2923 16666666
1057 2879 1096 2923 eet
1107 2872 1165 2925 dem

86 2943 173 2994 seiner
195 2941 366 3008 Behaoptnng
391 2941 444 2993 und
466 2942 601 3008 captiviert
652 2939 1165 3008 86161616116616661166666666111666

86 3011 166 3062 somit
184 3008 938 3070 66666116.1661666666166116.

122 3081 147 3131 3.
171 3079 371 3129 1616666616
393 3094 422 3128 eo
442 3093 542 3143 genere
568 3093 600 3129 zu
688 3080 727 3130 13.
744 3078 853 3143 procul,
872 3076 951 3128 hier'
943 3092 977 3127 rm
996 3075 1076 3129 Sinne
1093 3078 1165 3130 61666

85 3147 137 3199 666
150 3145 249 3229 Bingen
268 3143 789 3211 6661661366661666661-6616111166
808 3146 905 3209 (liber),
926 3144 976 3195 wie
994 3145 1116 3210 deinceps
1133 3145 1165 3196 de

85 3231 137 3267 nen
156 3243 190 3252 —
653 3229 690 3265 66
702 3213 740 3264 111.
753 3217 795 3278 41,
806 3215 867 3267 183:
880 3214 1031 3263 obreoibne
1042 3213 1165 3279 deinceps

122 3252 602 3348 6661166166,61116416666116
653 3283 755 3341 tribue,-
768 3280 856 3346 166113
873 3281 914 3331 161
934 3280 987 3332 116.

84 3354 172 3402 vitam
190 3353 295 3400 6661666
312 3350 440 3414 compleri
456 3355 563 3414 negant.
686 3351 774 3415 Atque
791 3351 855 3399 1666
872 3353 942 3398 certe
960 3351 1008 3400 cet.
1035 3345 1112 3399 Sinn:
1130 3347 1164 3400 Es

124 3423 149 3469 ’1.
167 3424 246 3484 atque
266 3421 400 3469 monitum
420 3417 454 3467 161
471 3417 543 3468 nicht
560 3416 601 3468 ein
653 3416 750 3469 kdnnte
779 3417 875 3468 ebenso
904 3415 991 3480 wenig
1016 3429 1069 3466 666
1095 3415 1165 3466 61666

86 3483 812 3551 66116166611666116666666116,666-1666166666
834 3483 873 3535 616
895 3499 946 3535 666
971 3483 1165 3536 Bekdmmernis

85 3556 150 3607 dern
163 3554 279 3605 schlielst
293 3554 348 3605 sich
366 3569 414 3604 nur
432 3568 464 3603 an
481 3559 601 3618 saeptum
653 3553 733 3604 166666
742 3551 877 3613 1661616616
887 3550 928 3603 666
935 3550 1005 3602 Rode
1015 3566 1078 3615 sein
1089 3567 1164 3604 wenn

86 3639 134 3675 arr:
158 3622 237 3673 daher
260 3622 301 3674 616
318 3621 496 3685 Konjunktion
517 3621 601 3673 66161.
652 3621 724 3672 61611
741 3620 783 3672 616
802 3619 984 3671 honestandos
1002 3619 1165 3686 einzlgeGut

87 3691 124 3744 So
135 3691 202 3742 Lael.
213 3692 236 3753 3,
248 3693 292 3743 12:
305 3707 322 3741 6
330 3691 456 3770 patribus
468 3693 601 3756 666666116-
653 3690 730 3741 wilre.

87 3729 954 3825 11616616161166666666116611616166616661166666
974 3754 1165 3812 6166666111.

85 3831 142 3884 nis:
160 3798 601 3891 Ο661.11,36;·1666166,1666116,
687 3828 728 3878 211.
746 3828 861 3876 6111666
878 3826 1056 3906 1666166116
1073 3825 1164 3878 letzur

88 3893 490 3961 6661166161666,66661166.
520 3894 600 3946 Einen
652 3892 853 3959 Besclnanlruug
862 3891 907 3944 666
917 3908 1008 3944 omnen
1020 3897 1063 3961 (-
1073 3898 1164 3946 omnia
