2550 4410
521 158 615 211 LIBER
632 158 671 215 111.
692 162 732 225 11,
740 162 784 213 66.

164 330 239 391 Nam
254 334 306 410 peri
318 330 385 391 doe'e
401 331 533 393 auditae
548 328 629 393 do‘rto
644 332 837 393 montaureo»
851 337 934 404 uiro,

163 414 289 477 Futr'rras
304 435 412 476 mertem
427 416 641 477 erirameatador
653 420 801 478 miseriae:

163 500 218 561 Aut
233 504 353 561 trrdrtem
368 500 497 562 acerbam
512 511 563 561 aut
577 501 664 561 555111
675 504 812 563 moestam
826 503 936 582 stapam

163 585 218 645 Aut
232 588 344 664 seraper
357 585 485 665 alipium
499 585 602 645 radlem
615 584 775 647 meditobar
788 586 871 657 maii,

168 669 213 741 Ut,
228 676 256 730 st
270 690 326 749 quo
341 674 452 731 invecta
468 672 570 731 dtrr'taa
585 672 651 731 eneti
665 672 751 749 soret,
1198 678 1209 729 t

163 755 205 815 Na
219 774 263 815 me
278 760 453 833 inoperatum
468 758 539 817 odra
554 754 692 816 15555551
704 773 814 836 repara.

65 848 97 898 16
120 840 204 910 Orroei
227 849 323 899 autem
347 840 478 900 Theseus
496 834 526 899 ‘a
547 830 649 900 dooto'
674 858 705 901 se
721 840 836 901 audisse
857 838 943 913 dieit,
967 840 1000 902 id
1025 842 1066 903 de
1085 860 1116 903 se
1135 840 1184 919 ipo

118 924 249 1003 loquitur
264 924 430 1001 Euripides.
460 924 569 985 Fuerat
583 924 663 985 enim
679 924 796 985 auditor
810 926 1027 1005 Anaxagorae,
1050 943 1135 1005 quem
1152 924 1185 985 15·

118 1018 189 1069 runt
205 1008 338 1068 nuntiata
355 1020 448 1069 morte
464 1009 514 1069 tilii
530 1008 652 1070 dixisse:
669 1008 795 1071 Sciebam
809 1028 856 1071 me
875 1014 1020 1089 pendisse
1043 1008 1184 1071 monotes

116 1094 200 1164 Quae
215 1112 269 1152 vox
286 1092 412 1153 declarat
430 1093 464 1155 iis
480 1112 544 1155 esse
559 1094 632 1154 haec
647 1092 763 1165 acerba,
779 1094 888 1173 quibus
904 1113 970 1155 uon
990 1096 1108 1157 tuerint
1120 1092 1185 1173 eopi-
1196 1099 1218 1151 tt·

116 1187 183 1237 tata.
218 1176 296 1256 Ergo
313 1178 340 1236 id
357 1178 474 1255 quidem
492 1198 552 1239 non
569 1177 707 1251 dubium,
722 1179 793 1257 quin
810 1178 930 1252 omnia,
952 1198 1036 1257 quae
1052 1180 1125 1241 mala
1142 1196 1185 1257 pu·

116 1270 226 1331 tentur,
249 1263 308 1322 sint
321 1263 476 1341 improvisa
488 1264 630 1341 graviora.
657 1264 759 1342 ltaque
771 1280 952 1341 quamquam
973 1282 1044 1326 non
1056 1265 1128 1327 haee
1140 1278 1186 1323 unt

115 1363 164 1407 res
180 1347 269 1407 efficit
289 1348 445 1408 maximam
460 1348 684 1426 aegritudinem,
706 1355 817 1419 tamen,
837 1349 983 1427 quoniam
1001 1349 1131 1411 multum
1142 1366 1186 1427 pt·

115 1440 172 1491 test
187 1432 314 1510 provisio
329 1433 417 1492 animi
434 1442 463 1493 et
479 1434 662 1513 praeparatio
682 1434 716 1493 ad
740 1431 938 1493 minuendum
960 1432 1120 1510 dolorem,
1139 1440 1186 1495 arnt

114 1534 232 1595 semper
257 1518 354 1577 omnia
376 1518 490 1578 homini
511 1519 638 1578 humana
654 1518 800 1578 meditata.
835 1516 874 1577 Et
888 1516 1040 1580 nimirum
1065 1521 1135 1581 haee
1153 1524 1188 1577 est

115 1601 161 1661 illa
192 1611 345 1680 praestans
366 1612 395 1662 et
417 1602 514 1664 divina
535 1603 678 1681 sapientia
700 1612 730 1662 et
751 1610 907 1682 perceptas
931 1604 1064 1681 penitus
1084 1614 1113 1666 et
1131 1618 1188 1684 per·

114 1694 250 1747 tractatas
266 1706 313 1748 res
328 1689 471 1749 humanas
485 1686 604 1760 habere,
627 1687 701 1748 nihil
711 1686 849 1747 admirari
862 1704 933 1748 eum
948 1688 1107 1763 acciderit,
1128 1686 1188 1749 51111

113 1782 190 1845 ante,
207 1791 294 1851 quam
312 1773 452 1845 evenerit,
470 1792 530 1833 non
547 1772 665 1833 evenire
680 1790 767 1852 posse
782 1770 930 1832 arbitrari.

157 1857 252 1929 eram
275 1858 309 1919 od
331 1877 392 1918 rem
416 1863 525 1929 dotatis,
554 1877 620 1919 eum
641 1857 778 1918 secandae
798 1875 844 1917 res
864 1866 935 1917 5551
956 1860 1117 1929 55555515,
1137 1868 1187 1919 tuat

897 1945 1048 2004 mdaratme
1199 1950 1218 2003 Ι

148 2054 622 2124 5555555555.1.,655515515555
674 2072 710 2109 or.
728 2055 747 2109 1.
768 2058 872 2121 10,14;
891 2058 934 2121 26,
954 2059 988 2111 89
1007 2074 1036 2111 n.
1057 2075 1082 2111 5.

113 2126 154 2175 165
166 2130 294 2173 maestum
306 2124 441 2188 5555115555,
459 2126 508 2176 wie
523 2127 562 2186 19,
576 2128 621 2177 44:
710 2128 750 2178 15.
760 2123 898 2189 meditata,
914 2126 1081 2191 passiviseii,
1093 2128 1143 2181 wie
1153 2128 1186 2191 11,

112 2193 221 2242 aemilio
234 2191 314 2241 555115·
326 2196 374 2241 aut
385 2190 454 2255 faga
468 2192 624 2247 1655551115.
676 2195 709 2245 24
723 2192 882 2258 oporteant
898 2191 942 2243 bei
958 2192 1013 2246 cic.
1028 2194 1093 2247 sehr
1105 2192 1186 2260 hiuflfl.

147 2263 172 2312 4.
185 2263 271 2310 aut-
281 2261 408 2324 aliquam,
421 2274 441 2311 s.
456 2276 487 2311 zu
503 2259 520 2311 1.
530 2262 572 2324 30,
583 2262 623 2312 14.
675 2276 698 2312 z.
712 2259 742 2311 B.
760 2259 814 2311 Cat.
832 2256 866 2310 111.
885 2261 927 2324 26,
947 2264 997 2313 74:
1016 2264 1071 2315 doe
1089 2264 1186 2316 medita-

148 2330 171 2380 6.
189 2326 284 2393 riperta
295 2356 330 2365 -
343 2330 497 2394 repentina,
515 2329 565 2380 wie
583 2330 625 2393 22,
677 2333 733 2378 tum
745 2329 777 2377 ab
788 2326 971 2379 adulescentia
983 2330 1068 2381 debet
1077 2348 1140 2385 me.
1159 2328 1187 2381 Se

110 2398 158 2448 52:
177 2397 293 2447 hostiam
309 2412 404 2461 reperte
420 2397 556 2447 aduentus.
677 2396 743 2446 auch
757 2397 796 2458 15,
809 2397 855 2447 32:
869 2397 1086 2461 praepeditam.
1115 2398 1188 2451 Znid

149 2468 173 2516 ’1.
191 2466 281 2530 doato,
299 2466 333 2517 ist
352 2465 422 2516 nicht
445 2463 542 2530 Subst„
565 2478 624 2514 son·
675 2466 805 2515 nimirum
822 2461 935 2529 (genade,
954 2464 1036 2531 eheu)
1054 2467 1110 2534 vgi.
1125 2467 1143 2521 1.
1154 2466 1187 2527 12,

108 2532 175 2585 dem
187 2533 254 2598 Adj,
267 2534 379 2585 welches
388 2533 504 2600 aus§29
520 2531 625 2583 wieder·
677 2534 724 2591 52;
742 2529 770 2584 11.
789 2532 831 2593 23,
848 2533 890 2584 55.

112 2601 169 2653 15511
187 2602 292 2653 worden
310 2603 357 2663 ist,
381 2617 423 2653 um
446 2602 486 2651 die
505 2599 624 2666 folgende

114 2668 276 2735 Bemerkung
294 2669 455 2722 einzuleiten.

149 2737 172 2787 8.
190 2736 376 2800 Aaaoeagorae
387 2738 416 2800 (s.
431 2751 461 2785 zu
474 2734 492 2785 1.
502 2739 543 2800 43,
557 2736 624 2798 104).

113 2800 159 2852 Die
177 2801 232 2851 hier
250 2802 380 2852 erwihnte
397 2802 543 2868 Ausserung
560 2801 625 2853 wird

114 2868 166 2919 ihm
177 2869 241 2919 auch
252 2884 302 2919 ron
313 2868 407 2920 andern
417 2868 626 2935 Schriitstedern,

115 2952 136 2988 z.
146 2935 176 2987 B.
189 2935 287 2987 Aelian.
300 2935 329 2989 V.
339 2935 415 2987 11111.
428 2939 443 2989 2
456 2954 480 2988 5.
490 2936 546 2987 1151.
560 2936 627 2989 Max.

114 3002 145 3056 V.
160 3007 200 3067 10,
219 3009 269 3055 ext.
288 3007 312 3066 3,
330 3004 530 3068 augeschrieben
548 3005 627 3065 (tibri-

114 3087 177 3138 gens
196 3072 260 3123 auch
279 3071 374 3122 andern
394 3071 530 3137 beigelegt,
556 3087 579 3122 z.
596 3071 626 3123 B.

113 3156 164 3191 von
178 3139 251 3206 Biog.
266 3140 292 3192 L.
305 3139 333 3193 11.
347 3143 379 3191 55
398 3140 456 3191 dem
467 3138 624 3204 Xenophon:

113 3204 191 3280 ᾔδειν
208 3205 318 3274 θνητὸν
333 3204 516 3278 γεγεννηκώς).

144 3268 626 3328 10.iiaeinseirrinkend:‘nurdenen'.

149 3346 281 3409 cogitata:
293 3335 517 3410 ‘wohierwogen',
531 3344 581 3395 wie
594 3343 625 3396 de

113 3427 168 3466 sen.
184 3416 223 3475 11,
236 3414 281 3465 38:
300 3430 344 3464 ree
355 3414 469 3463 maltum
480 3416 507 3461 et
524 3413 571 3463 diu
583 3426 626 3462 55-

110 3483 223 3545 gitatas.
250 3480 308 3546 Vgl.
322 3481 386 3532 auch
399 3497 431 3533 zu
442 3480 470 3532 11.
484 3483 506 3544 1,
516 3482 545 3531 25
558 3481 626 3530 midi

114 3549 268 3600 1555115551.

144 3618 184 3667 13.
196 3618 309 3667 multum
316 3620 412 3683 petest.
436 3614 471 3668 So
479 3615 541 3667 wind
547 3631 627 3682 pesse

114 3682 185 3733 nicht
196 3684 277 3734 seiten
295 3684 320 3733 in
331 3683 498 3749 Verbindung
510 3685 556 3734 mit
567 3682 625 3734 dem

114 3746 202 3800 Neutr.
224 3751 294 3802 eines
311 3749 387 3803 Pron.
409 3751 450 3803 od.
469 3750 626 3811 0555111515

112 3814 167 3881 adj.
180 3839 215 3860 ι-
228 3819 317 3868 valere
338 3819 486 3884 gebraucht,
516 3818 574 3883 Vgl.
593 3817 625 3869 de

712 2602 752 2651 16.
763 2604 902 2665 perceptas
911 2601 1023 2663 panitur
1036 2606 1066 2651 et
1075 2606 1186 2669 perteue·

677 2671 755 2718 15155.
788 2666 935 2733 Composita
956 2668 1007 2719 mit
1019 2684 1077 2735 per·
1095 2668 1186 2723 werden

676 2750 728 2787 von
743 2734 831 2785 Cicero
845 2734 884 2786 511
901 2732 984 2785 daron
998 2740 1114 2801 penitae
1130 2734 1186 2789 5551

676 2800 817 2863 5555155151,
830 2816 860 2853 55
872 2800 904 2853 65
916 2800 961 2853 65.
969 2800 1002 2855 V.
1014 2806 1058 2868 16,
1064 2808 1112 2857 44:
1121 2804 1187 2871 peni·

679 2877 721 2920 tae
730 2870 882 2935 pervidere;
893 2868 925 2921 de
934 2875 1002 2922 orat.
1013 2870 1032 2923 1.
1043 2875 1070 2937 5,
1083 2876 1127 2926 ta:
1136 2886 1187 2939 per·

678 2952 797 2999 noseore3
816 2939 859 3002 20,
876 2937 921 2989 92:
938 2942 1112 3005 per-sperma

714 3009 753 3058 11.
777 3005 849 3056 aridii
865 3004 1003 3055 admirari
1015 3029 1050 3049 -
1063 3008 1140 3061 neella
1154 3022 1185 3069 n,

677 3076 731 3123 siue
750 3073 820 3125 15515
839 3074 895 3122 rive
916 3074 1004 3140 151511,
1027 3078 1187 3127 uehementer

678 3140 762 3204 affici.
798 3140 856 3192 Hor.
875 3140 951 3207 episi.
967 3138 988 3193 1.
1008 3142 1034 3207 6,
1053 3145 1085 3197 1:

711 3208 761 3260 Nil
772 3209 906 3259 admirari
913 3222 1003 3274 prope
1018 3226 1065 3261 m
1077 3216 1118 3265 551
1131 3226 1186 3274 ant,

880 3274 1000 3341 Numici,

713 3343 841 3409 Solaque,
864 3359 933 3409 quae
952 3346 1043 3409 porae't
1061 3345 1152 3408 faeere
1165 3346 1187 3395 et

879 3426 987 3461 amare
1005 3414 1125 3467 55515555.

678 3477 736 3543 Vgl.
754 3476 831 3533 Tuae.
849 3477 880 3529 V.
893 3480 935 3541 28,
947 3480 989 3532 81.

714 3548 754 3599 te.
762 3562 817 3597 noa
827 3549 932 3597 euenire
942 3545 1038 3613 genart
1046 3561 1186 3602 zusammen

678 3613 729 3665 und
747 3614 833 3665 5555151
851 3615 944 3666 einen
960 3612 1063 3681 Begriff
1070 3632 1128 3684 555,
1145 3616 1186 3667 irie

680 3683 719 3745 16,
736 3684 782 3734 34:
800 3680 872 3733 aidi!
888 3698 942 3732 esee
959 3684 1035 3748 quod
1051 3699 1110 3737 nan
1127 3684 1187 3737 5551·

678 3750 740 3799 dere
755 3752 846 3816 possit.

715 3820 754 3871 19.
772 3818 857 3882 Quam
870 3820 902 3868 ed
914 3832 972 3867 rem
984 3821 1049 3883 cei„
1067 3818 1188 3883 555151,
