2542 4394
251 283 253 288 Ι
363 214 831 282 uranu.sa‚aoaaa‚1oe.104.
1072 213 1131 274 155

59 386 266 451 inscriberes?
290 388 369 450 llaec
384 388 493 449 habere
508 407 539 450 se
555 397 705 449 mortuum
722 389 807 463 dicit,
826 408 900 468 quae
917 408 955 450 ne
969 389 1051 451 vivus
1067 389 1133 468 qui·

58 475 129 535 dem
145 473 256 535 diutius
270 474 403 548 habehat,
419 492 505 553 quam
521 465 691 534 fruebatur?

148 558 208 620 Cur
230 558 320 639 igitur
340 559 453 620 divitiae
476 560 695 630 desiderentur,
719 566 768 619 aut
789 559 839 620 ubi
861 567 1020 638 paupertas
1034 558 1135 620 beatos
1150 567 1193 619 tot

61 663 203 706 essenon
220 641 314 706 sinit?
336 644 447 724 Signis,
462 646 559 718 credo,
576 653 605 705 et
619 643 726 705 tabulis
742 644 850 705 studes.
885 644 996 723 Siquis
1012 651 1064 717 est,
1082 644 1132 722 qui

15 740 34 793 a
58 730 107 792 his
122 729 294 804 delectetur,
314 748 415 790 nonne
431 730 535 791 melius
550 738 655 791 tenues
670 729 806 790 homines
821 730 967 807 fruuntur¹
979 746 1066 808 quam
1082 728 1132 801 illi,

62 815 113 894 qui
136 815 171 877 iis
197 813 371 875 abundant?
398 815 536 877 estenim
563 832 662 875 earum
689 833 789 875 rerum
815 815 947 875 omnium
974 815 1004 874 in
1034 823 1134 875 nostra

62 900 135 961 urbe
157 918 270 961 summa
292 899 321 960 in
347 901 466 980 publico
482 901 575 981 copia.
613 900 695 971 Quae
714 899 763 978 qui
779 899 913 979 privatim
928 897 1054 972 habent,
1078 916 1133 959 nec

60 994 119 1046 tam
136 986 226 1046 multa
239 995 268 1047 et
282 1003 349 1047 raro
364 985 472 1060 vident,
488 1004 554 1047 cum
570 985 601 1046 in
617 1004 669 1046 sua
684 1003 753 1047 rura
768 994 928 1059 venerunt3
944 1003 1019 1063 quos
1036 993 1132 1044 tamen

61 1071 171 1150 pungit
181 1071 299 1150 aliquid,
316 1089 382 1132 cum
395 1071 443 1131 illa
455 1071 535 1131 unde
550 1071 677 1132 habeant
691 1069 897 1131 recordantur.
928 1069 996 1130 Dies
1008 1068 1132 1143 deficiat,

11 1165 35 1218 to
60 1156 84 1217 si
105 1155 190 1216 velim
212 1157 393 1236 paupertatis
414 1174 531 1218 causam
552 1156 726 1230 defendere;
749 1164 849 1235 aperta
865 1155 944 1216 enirn
961 1173 1008 1216 res
1026 1162 1080 1228 est,
1104 1163 1133 1214 et

61 1241 168 1302 cotidie
181 1260 237 1303 nos
247 1241 309 1321 ipsa
323 1251 426 1303 natura
442 1241 582 1302 admonet
596 1259 684 1320 quam
700 1240 811 1321 paucis,
827 1259 916 1319 quam
932 1240 1029 1320 parvis
1043 1240 1132 1300 rebus

60 1333 154 1405 egeat,
172 1344 260 1406 quam
273 1327 388 1389 vilibus.

148 1412 225 1472 Num
248 1412 336 1491 igitur
361 1411 530 1492 ignobilitas
551 1420 602 1471 aut
622 1410 770 1471 humilitas
791 1419 841 1469 aut
866 1411 954 1470 etiam
980 1409 1132 1490 popularis
1153 1389 1192 1446 3⁸

60 1497 187 1557 offensio
207 1498 369 1577 sapientem
385 1498 505 1558 beatum
527 1515 591 1558 esse
606 1493 798 1575 prohibebit?
820 1495 900 1568 Vide,
918 1514 956 1555 ne
972 1496 1038 1574 plus
1051 1513 1133 1555 com·
1148 1471 1190 1522 ¹⁰³

10 1592 36 1646 15
59 1582 207 1642 mendatio
219 1583 249 1643 in
262 1583 365 1662 volgus
377 1591 406 1644 et
416 1583 498 1657 haec,
511 1600 584 1661 quae
596 1581 754 1661 expetitur,
762 1580 854 1659 gloria
863 1580 1013 1642 molestiae
1028 1580 1134 1640 habeat

62 1685 150 1746 quam
163 1667 328 1747 voluptatis.
351 1668 506 1729 Leviculus
517 1685 588 1728 sane
602 1675 703 1728 noster
714 1666 938 1740 Demosthenes,
955 1666 1006 1744 qui
1018 1665 1067 1725 illo
1082 1684 1132 1726 su·

60 1771 146 1812 surro
162 1753 300 1814 delectari
315 1772 346 1814 se
362 1753 477 1815 dicebat
491 1771 595 1831 aquam
611 1751 735 1812 ferentis
749 1750 955 1823 mulierculae,
976 1759 1009 1812 ut
1023 1769 1088 1810 mos
1102 1749 1132 1809 in

61 1826 1132 1917 Graeciaest,insusurrantisquealteriz‘Hiceetillcllemostbenesl'Quid

60 1923 117 1984 hoc
132 1921 246 1984 levius?
261 1924 298 1984 At
313 1933 444 2002 quantus
459 1923 572 1984 oratori
591 1923 647 1984 Sed
664 1922 740 2002 apud
757 1922 828 1982 alios
843 1920 925 1999 loqui
940 1919 1074 1980 videlicet
1089 1918 1133 1978 di·

10 2019 37 2069 ro
59 2008 184 2083 dicarat,
207 2027 267 2069 non
285 2011 410 2070 multum
426 2009 489 2090 ipse
510 2026 620 2070 secum.
658 2007 893 2085 Intellegendum
910 2015 954 2068 est
975 2005 1064 2086 igitur
1080 2021 1136 2065 nec
1151 2015 1194 2067 104

59 2124 150 2177 Kratas
168 2125 233 2176 nach
246 2123 365 2178 Plutarch
384 2126 416 2177 de
433 2127 478 2176 sui
494 2125 573 2176 laude
624 2125 725 2187 offenso
733 2123 831 2190 populi
841 2115 1133 2178 voluntoc‘Uubeliebt·

59 2192 122 2243 vtlt.
141 2208 165 2258 p.
183 2194 231 2244 tat
250 2192 332 2245 dieser
350 2193 509 2247 Grabschrilt
526 2193 572 2245 des
623 2192 677 2243 heit
700 2192 769 2243 heim
787 2182 891 2256 Volke',
916 2190 1060 2257 Gegensatz
1082 2210 1134 2247 von

61 2259 218 2344 Sardanapal
237 2266 465 2328 entgegengesetzt
482 2262 539 2313 hat:
622 2263 715 2326 gratia
733 2261 822 2325 (aura)
836 2259 988 2345 popularis,
1006 2275 1136 2314 commen·

100 2328 172 2378 Ταῦτ
209 2329 276 2391 ἔχω,
303 2324 365 2380 b'oe'
391 2328 502 2396 ἔμαθον
528 2333 573 2380 καὶ
624 2329 700 2379 datio
718 2331 747 2378 ia
765 2329 860 2392 volgae
885 2320 1065 2393 Popularitat’.

131 2394 289 2466 ἐφρόντισα,
307 2400 354 2447 καὶ
370 2396 438 2463 μετὰ
453 2399 574 2449 Μουσῶν
661 2399 700 2448 14.
721 2395 794 2459 Vide,
815 2412 849 2446 ne
866 2425 907 2459 —,
926 2411 947 2446 c.
966 2411 998 2446 zu
1010 2396 1027 2447 l.
1041 2399 1083 2463 34,
1093 2402 1134 2454 83.

97 2457 185 2530 Ze'pv'
205 2460 296 2529 ἐδάην.
661 2467 701 2515 15.
714 2466 779 2514 bueo
792 2463 926 2527 -glare'a
938 2465 1014 2514 meist
1026 2467 1134 2532 auidae,

97 2536 120 2586 1.
139 2535 306 2598 inscriberet,
325 2534 374 2585 wie
387 2533 514 2596 erederet,
533 2533 573 2584 di·
625 2547 680 2583 was
698 2531 794 2597 thglich
819 2534 892 2582 unter
913 2529 963 2582 den
982 2533 1071 2597 Augen
1091 2535 1136 2588 der

62 2617 135 2652 cerea
152 2617 177 2652 u.
196 2602 218 2652 d.
320 2604 327 2611 ‘
624 2599 718 2652 beiden
737 2598 918 2665 Sprechenden
935 2601 1052 2665 vcrgeht,
1070 2602 1122 2654 hin.

97 2671 121 2722 3.
138 2671 187 2720 ube·
204 2693 238 2712 =
257 2686 310 2736 qua
328 2672 357 2719 in
374 2686 413 2734 re,
432 2670 482 2721 wie
494 2672 574 2720 unten
661 2671 702 2720 tc.
727 2667 870 2733 Leop‘ealus
892 2662 985 2719 ‘etwas
1007 2663 1081 2722 eitel'
1101 2672 1136 2724 ist

63 2741 105 2802 41,
126 2738 182 2790 121.
626 2730 742 2807 ὅπλῳ.
778 2735 846 2787 Uber
862 2752 927 2787 sane
944 2751 964 2787 s.
982 2735 1024 2790 tv,
1040 2741 1136 2802 tnta.

96 2807 121 2856 4.
140 2806 238 2857 tabulis
249 2829 284 2848 =
296 2806 395 2856 tabulis
409 2808 501 2872 pictis.
660 2806 854 2855 Demosthenes.
884 2803 957 2855 Auch
975 2804 1030 2858 Aet.
1047 2806 1089 2858 tx.
1105 2812 1134 2860 Π

99 2877 123 2925 ’1.
141 2877 170 2923 ia
184 2874 306 2939 publiea,
329 2888 350 2928 s.
368 2889 400 2925 zu
418 2877 460 2939 24,
478 2875 525 2926 69:
545 2876 575 2924 in
626 2873 725 2924 erzdhlt
742 2872 831 2925 diesen
842 2873 898 2938 Zug
914 2889 965 2924 von
977 2872 1007 2926 u.
1026 2875 1078 2926 und
1089 2875 1137 2927 fin-

63 2942 189 2993 rotundo.
627 2940 671 2991 det
688 2936 820 3060 adoptivas
838 2941 917 2992 daria.
953 2941 1052 2996 Anders
1069 2943 1136 3000 Plin.

99 3012 122 3062 8.
142 3015 280 3076 beamont,
298 3024 319 3062 s.
337 3010 576 3077 zul.11,24:po·
627 3009 702 3074 epist.
726 3008 735 3059 l
760 3047 766 3060 .
790 3012 834 3063 23:
862 3011 1051 3062 Demosthenes
1076 3015 1137 3063 iure

62 3081 115 3129 saei.
628 3079 798 3142 laetaturae,
808 3078 1137 3143 quodfillumaausAttiec

99 3148 122 3198 9.
138 3149 239 3211 pungit
256 3147 368 3211 aliquid.
401 3145 447 3198 Die
466 3145 575 3197 meisten
626 3148 666 3195 ita
688 3150 843 3197 noscitavit:
869 3143 951 3198 obedo
974 3147 1033 3199 ἐστι
1050 3149 1137 3214 Δημο-

63 3215 249 3266 llunstschitze
263 3212 575 3266 dervornehmenlldmer
626 3213 736 3279 σθένηε.
755 3244 786 3251 -
811 3214 861 3265 Gic.
880 3218 960 3265 neunt
980 3216 1024 3265 ihu
1047 3221 1138 3268 noster

63 3297 149 3334 waren
159 3282 335 3349 ursprttnglich
345 3282 575 3349 ansgriechiscben
627 3281 665 3333 als
683 3283 770 3333 seinen
789 3281 1016 3348 Berulsgenosseu.

64 3350 172 3402 Stadten
198 3351 250 3403 und
274 3350 397 3416 Tempeln
422 3350 575 3416 gewaltsam
663 3352 702 3402 l'l.
719 3351 904 3415 mulierculae,
924 3352 1137 3418 geringschdtzig,

63 3418 126 3472 oder
137 3419 255 3471 heimlich
267 3419 390 3472 entltthrt.
403 3417 574 3484 VgLinllerr.
626 3419 677 3468 wie
695 3419 735 3476 32,
756 3421 802 3471 at:
822 3418 925 3469 eenole.

62 3488 108 3539 lib.
121 3486 161 3539 lV.
662 3488 701 3538 19.
715 3478 966 3537 videlieet‘lreilich’
979 3486 1005 3538 in
1023 3490 1138 3552 spotten·

99 3556 162 3605 Dies
174 3556 282 3618 deficiat
299 3562 348 3608 cet.
373 3555 407 3608 So
422 3553 454 3607 de
466 3553 535 3606 deor.
549 3569 573 3606 n.
626 3554 682 3605 dem
702 3551 782 3606 Tene.

63 3623 102 3676 lll.
120 3625 162 3683 32,
176 3626 221 3676 81:
240 3624 303 3675 Dies
321 3625 437 3689 deficiet,
455 3627 480 3674 ai
497 3624 575 3673 velim
628 3664 631 3671 .
662 3624 768 3674 hunda
780 3622 1072 3688 multumipeeeeoum.
1090 3621 1137 3675 Eia

63 3707 207 3743 numerare
227 3696 322 3757 quibus
341 3694 416 3744 bonis
433 3691 503 3742 male
521 3707 576 3741 eae·
625 3689 800 3741 unbedechtes
813 3689 887 3740 Wort
900 3705 951 3741 ron
964 3689 1060 3742 Cicero.
1079 3690 1138 3744 wie

64 3762 144 3824 norit,
159 3762 255 3825 quidue
268 3764 397 3828 improbis
406 3763 510 3826 optime,
523 3758 576 3810 und
626 3759 694 3810 hoch
712 3773 739 3810 er
757 3758 878 3823 dbrigens
894 3757 1025 3810 denhem.
1044 3759 1138 3824 stellte,

65 3829 140 3881 diter.
627 3828 696 3878 sieht
707 3842 764 3877 man
778 3842 824 3879 aus
837 3825 905 3881 Orat.
918 3831 940 3889 t,
954 3828 999 3878 23:
1019 3826 1074 3879 Sed
1089 3843 1138 3893 ego

102 3899 140 3949 13.
164 3896 307 3962 populares
329 3896 440 3958 offensio
462 3921 496 3942 =
515 3898 575 3949 toa:
627 3896 803 3947 -reoordor
821 3895 899 3960 longe
916 3896 1037 3947 omnibus
1054 3912 1138 3948 unum
