2550 4410
119 172 160 230 36
522 171 617 225 LIBER
633 171 672 224 111.
691 174 784 237 23,55.

117 346 157 407 ita
168 345 298 424 positum
306 355 392 414 esset,
405 345 496 405 videri
509 347 572 406 lore
584 345 614 405 in
627 343 984 424 aegritudinesapientem
998 347 1094 425 patria
1106 354 1189 426 rapta,
1235 354 1237 363 '

118 449 192 509 (uuae
216 430 379 491 Carneades
401 440 503 491 eontra
525 430 631 491 dixerit
651 430 760 508 scripta
775 441 855 491 sunt.
891 429 988 491 Tanta
1012 431 1106 510 igitur
1124 431 1189 492 oah-

117 516 226 576 mitatis
247 516 412 594 praesentis
433 515 618 577 adhibetura
641 515 817 596 philosopho
840 516 1000 589 medicina,
1020 526 1132 595 quanta
1151 516 1190 577 in·

117 610 263 662 veteratae
281 620 319 662 ne
334 601 518 661 desideratur
533 600 662 679 quidem,
678 619 749 671 neo,
765 601 789 662 si
804 599 919 680 aliquot
933 602 1024 663 annis
1039 612 1110 681 post
1117 601 1189 663 idem

118 686 167 747 ille
182 686 257 746 liber
273 686 394 766 captivis
409 686 516 747 missus
538 696 631 758 esset,
651 685 824 748 volneribus
844 687 1035 760 mederetur,
1057 689 1112 749 sed
1126 686 1214 749 oica-⁵

118 771 250 833 trieibus.
288 772 405 832 Sensim
433 771 565 833 enimet
592 770 802 851 pedetemptim
831 771 1032 852 progrediens
1060 783 1190 834 extenua·

117 868 167 919 tur
182 857 281 928 dolor,
307 876 369 917 non
384 875 444 935 quo
461 857 522 935 ipsa
537 876 584 918 res
604 857 754 918 immutari
769 856 862 918 soleat
883 866 934 917 aut
953 858 1067 938 possit,
1090 858 1142 920 sed
1160 858 1191 929 id,

119 944 198 1021 qnod
213 943 287 1002 ratio
308 941 464 1016 debuerat,
481 961 552 1003 usus
566 943 667 1015 docet,
690 943 804 1003 minora
821 960 885 1004 esse
899 960 949 1015 ea,
971 961 1053 1021 quae
1068 944 1131 1005 sint
1142 943 1192 1004 risa

117 1029 237 1088 maiora.
964 1062 967 1067 ·

67 1118 104 1174 28
207 1111 284 1181 Quid
301 1127 372 1187 ergo
389 1129 464 1188 opus
480 1122 538 1184 est,
559 1114 637 1173 dicet
651 1112 773 1191 aliquis,
787 1113 903 1174 ratione
918 1122 971 1173 aut
984 1114 1116 1176 omnino
1131 1117 1223 1174 eon-ll

121 1197 266 1258 solatione
282 1194 338 1268 illa,
354 1214 412 1274 qna
428 1197 557 1259 solemus
571 1199 624 1271 uti,
647 1216 715 1258 eum
730 1198 827 1259 levare
851 1198 984 1259 dolorem
1005 1199 1194 1260 maerentium

120 1279 273 1343 volumus?
302 1282 359 1341 hoo
377 1283 456 1342 enim
471 1284 535 1344 lere
550 1295 612 1344 tum
627 1283 771 1344 babemus
785 1282 816 1343 in
831 1292 989 1362 promptu,
1023 1284 1099 1345 nihil
1116 1302 1193 1365 opor·
1228 1298 1232 1307 ·

119 1377 183 1428 tere
195 1366 382 1444 inopinatum
401 1367 511 1441 videri;
538 1381 588 1429 aut
603 1369 654 1447 qui
676 1367 859 1430 tolerabilius
879 1369 955 1429 leret
976 1368 1194 1430 incommodum

120 1453 171 1530 qui
195 1452 368 1529 cognoverit
384 1472 506 1515 neeesse
521 1473 584 1516 esse
600 1454 714 1515 bomini
729 1454 787 1514 tale
809 1453 918 1531 aliquid
933 1453 1097 1515 aecidere‘l
1126 1454 1195 1516 liaeo

120 1537 199 1598 enim
224 1539 318 1597 oratio
341 1539 376 1598 de
400 1539 462 1617 ipsa
484 1558 598 1599 summa
619 1539 688 1599 mali
710 1539 784 1599 nihil
806 1539 949 1612 detrahit,
971 1549 1096 1601 tantum
1117 1540 1226 1601 modob

120 1623 224 1698 adfert,
241 1622 314 1683 nihil
330 1624 462 1685 evenisse
478 1625 557 1702 quod
573 1644 634 1685 non
648 1625 831 1703 opinandum
842 1625 955 1685 luisset.
980 1624 1091 1704 Neque
1106 1635 1195 1686 tamen

121 1727 216 1786 genus
240 1708 268 1769 id
285 1709 429 1770 orationis
443 1711 475 1770 in
491 1710 672 1772 consolando
697 1728 758 1770 non
774 1709 864 1778 salet,
887 1710 939 1770 sed
960 1709 990 1769 id
1013 1711 1096 1784 haud
1116 1710 1196 1773 seiam

120 1813 157 1855 an
174 1795 344 1872 plurimum.
376 1795 455 1872 Ergo
478 1796 532 1856 ista
547 1794 725 1874 necopinata
740 1813 802 1855 non
817 1795 930 1856 habent
944 1802 1061 1856 tantam
1075 1796 1150 1870 vim,
1170 1804 1198 1856 ut

120 1879 273 1958 aegritudo
296 1898 332 1940 ex
352 1880 389 1940 iis
413 1882 510 1942 omnis
533 1881 660 1956 oriatur;
688 1880 800 1941 feriunt
824 1880 904 1941 enim
926 1881 1054 1942 sortasse
1076 1881 1197 1960 gravius,

121 1984 182 2025 non
198 1965 227 2024 id
250 1965 399 2038 efficiunt,
422 1976 520 2038 ntea,
542 1984 618 2044 qnae
637 1965 787 2038 aooidant,
810 1966 921 2026 maiora
935 1965 1116 2041 rideantur3
1138 1967 1228 2046 quial

120 2049 252 2111 recentia
268 2058 348 2123 sunt,
364 2049 475 2110 maiora
490 2050 635 2127 videntur,
653 2070 714 2113 non
731 2051 798 2128 quia
814 2050 980 2131 repentina.

157 2219 180 2267 1.
197 2216 316 2280 positam
334 2220 407 2277 aeret,
426 2231 446 2267 s.
464 2233 496 2268 zu
508 2217 525 2269 l.
544 2221 568 2283 4,
587 2221 611 2270 7.
687 2220 802 2270 liuntur.
837 2216 872 2269 So
885 2216 1006 2270 komnren
1026 2219 1095 2272 auch
1114 2217 1199 2272 andere

156 2285 179 2335 2.
206 2284 369 2334 calamitatis
390 2289 554 2350 praesentis,
577 2288 636 2339 ecbt
686 2286 745 2351 Adj.
769 2285 814 2336 aui
835 2287 895 2337 bilis
918 2301 979 2350 vor,
1001 2288 1056 2339 wie
1080 2303 1105 2340 z.
1129 2287 1157 2340 Β.
1173 2286 1200 2338 de

121 2351 165 2404 lat.
183 2351 256 2402 nicht
273 2367 305 2402 an
324 2352 369 2403 das
387 2351 507 2419 Verbum,
525 2355 634 2406 sonderu
687 2354 756 2406 deor.
775 2371 800 2406 n.
818 2353 846 2406 ll.
860 2356 901 2419 36,
914 2356 959 2407 91:
972 2357 1145 2408 animabilis:
1163 2355 1201 2407 be

120 2419 635 2488 andenObjektsbegriffangeseblossen.
687 2421 793 2483 lebend;
818 2422 891 2474 ebds.
908 2424 949 2486 39,
968 2424 1014 2475 98:
1033 2424 1201 2486 insatiabilis,

120 2487 155 2540 So
174 2488 260 2541 finden
279 2490 332 2541 sieb
353 2491 399 2541 mit
417 2489 475 2543 dem
492 2491 554 2543 Gen.
572 2498 636 2542 stati
685 2489 723 2542 lll.
750 2492 789 2555 m,
812 2493 860 2544 29:
878 2492 1018 2557 patibilis,
1042 2490 1103 2545 llor.
1127 2493 1168 2546 od.
1186 2490 1201 2543 l.

121 2558 166 2609 mil
178 2558 234 2609 dem
248 2558 388 2610 deutschen
400 2559 454 2611 Dat.
473 2559 633 2611 verbunden:
687 2561 710 2622 3,
730 2560 775 2610 22:
794 2559 971 2610 disaooa'adilie
987 2575 1014 2611 n.
1034 2575 1058 2612 a.

119 2627 199 2688 finem
228 2624 335 2688 faeere,
365 2643 429 2692 ganz
460 2627 636 2693 gewdhnlich3
724 2629 764 2680 16.
776 2626 997 2692 adferladioil,
1011 2629 1064 2679 wie
1081 2628 1101 2681 l.
1114 2631 1156 2690 29.
1166 2632 1201 2680 711.

121 2696 215 2745 semer:
229 2695 309 2754 sidem
326 2692 417 2753 faeere
434 2696 586 2759 (orationis,
605 2694 636 2747 de
725 2697 764 2747 17.
770 2710 858 2759 gemae
868 2696 900 2746 id
911 2688 1126 2750 orationis‘eine
1138 2695 1203 2748 Rode

93 2768 95 2773 ‘
121 2778 158 2812 or.
175 2761 213 2811 111.
226 2763 267 2822 27,
281 2764 348 2824 104),
359 2765 564 2828 praestringere
576 2780 637 2815 ooa-
689 2763 773 2814 dieser
794 2753 858 2814 Art'.
893 2763 929 2816 So
952 2762 1074 2830 hdufiger
1092 2766 1133 2817 als
1150 2768 1203 2816 aiau

121 2830 161 2880 loe
177 2828 241 2892 (Cat.
260 2827 294 2880 M.
314 2831 354 2892 12,
372 2832 423 2893 42),
442 2835 543 2896 eripere
557 2849 636 2897 pecu·
686 2835 794 2896 gennis
811 2834 968 2884 orationem,

121 2900 195 2946 niam
208 2897 242 2960 (p.
256 2895 355 2955 Quinot.
376 2900 414 2960 11,
427 2900 478 2962 31)),
497 2901 638 2950 decernere
723 2900 753 2950 id
770 2900 844 2950 baud
860 2902 943 2951 seiam
960 2916 996 2950 an
1008 2905 1070 2964 cet,
1088 2902 1148 2954 seit.
1164 2899 1203 2963 [a-

120 2966 241 3031 praemia
251 2967 362 3015 virtutis
371 2966 422 3028 (de.
432 2983 469 3018 or.
482 2967 509 3020 ll.
523 2969 564 3033 85,
577 2971 637 3033 347)
689 2971 753 3031 aiat,
771 2967 825 3020 (1.1.
842 2969 940 3020 nabat.
974 2969 1058 3021 Haud
1073 2974 1204 3022 salamae

120 3050 145 3084 u.
164 3047 188 3084 a.
689 3036 724 3088 ist
749 3036 806 3088 eine
824 3036 891 3088 noch
912 3036 1115 3090 bescheidenere
1134 3038 1204 3091 rom

157 3103 183 3153 5.·
198 3101 365 3162 mederetur,
383 3101 511 3152 lebbalter
530 3101 568 3153 als
586 3118 638 3151 me·
689 3104 734 3156 der
759 3103 895 3171 Bejahung
917 3104 955 3156 als
982 3106 1059 3157 laad
1079 3110 1138 3158 seio
1165 3123 1204 3158 aa.

122 3170 227 3220 dicatus
246 3173 317 3220 esset.
345 3169 433 3221 Cicero
451 3176 564 3221 versetzt
582 3171 637 3222 sich
688 3172 790 3223 Ebenso
808 3172 840 3224 de
853 3188 889 3225 or.
901 3172 919 3223 l.
937 3175 979 3239 60,
992 3175 1056 3236 2553
1076 3175 1145 3240 lta,
1164 3178 1204 3233 18;

121 3239 147 3288 in
166 3238 207 3289 die
224 3237 293 3299 Zeit,
316 3253 358 3290 wo
377 3237 418 3289 die
436 3238 578 3304 Karthager
596 3238 637 3290 die
690 3244 730 3303 17,
750 3242 793 3294 72;
812 3242 853 3304 52,
872 3243 929 3294 209.

123 3305 217 3358 Sebrilt
241 3306 373 3358 erbielten.
409 3306 468 3372 Vgl.
491 3306 509 3358 l.
530 3309 569 3371 12,
589 3310 635 3360 27:
723 3310 763 3361 19.
781 3308 888 3361 Hiermit
905 3309 1058 3362 besehlieist
1070 3311 1125 3363 (lie.
1139 3310 1206 3376 (oder

121 3378 252 3428 haereret.
688 3377 743 3428 sein
757 3376 967 3442 Gewiibrsmann)
986 3377 1205 3445 rekapilulierend

156 3448 180 3496 7.
203 3459 257 3494 aon
281 3459 334 3508 qao
351 3471 385 3479 —
401 3443 460 3501 aed,
485 3443 537 3509 vgl.
555 3444 571 3511 ξ
590 3447 636 3498 52:
688 3444 729 3496 die
742 3445 897 3511 Erdrterung
908 3445 972 3498 tiber
984 3446 1025 3497 die
1039 3446 1205 3515 Cyrennilrer,

120 3515 239 3577 primam
257 3511 328 3576 quod
345 3511 482 3562 —doiede
688 3528 730 3564 um
745 3529 776 3565 zu
789 3512 833 3564 der
845 3514 898 3565 ihm
909 3512 1086 3579 geliufigeren
1100 3515 1206 3570 Doktrin

158 3583 196 3632 10.
210 3571 498 3647 rationa‘hulzihluug
509 3596 560 3633 von
575 3581 637 3633 Ver·
688 3580 1038 3648 derStoilrerilberzugehen.
1053 3583 1206 3638 Aberwenn

122 3642 329 3712 nuuitgrdnden’.
688 3649 730 3700 die
750 3650 837 3701 Lesart
851 3650 944 3716 riehtig
961 3651 1003 3714 ist,
1031 3653 1105 3705 steht
1126 3654 1208 3708 dieser

158 3717 197 3766 13.
217 3715 396 3776 tolerabilius,
420 3716 475 3768 bier
492 3716 577 3781 ahtiv,
597 3718 637 3768 liir
688 3717 810 3770 Gedauke
824 3718 870 3770 mit
881 3719 926 3770 der
938 3719 1206 3776 zweiunfltlttevon

122 3781 294 3845 tolerantiam
319 3784 368 3834 wie
381 3784 412 3836 de
425 3784 468 3836 fin.
480 3785 519 3836 lll.
534 3789 573 3849 13,
592 3787 637 3838 42:
688 3786 704 3851 ξ
723 3789 755 3838 52
774 3786 808 3837 im
821 3785 1011 3853 Widersprueh,
1031 3790 1151 3844 weloher
1164 3806 1208 3845 nur

121 3853 145 3899 si
162 3850 266 3901 dolores
284 3853 386 3903 eoadem
407 3854 573 3905 tolerabilius
587 3870 638 3919 pa·
688 3854 1209 3922 dadnreheinigermalsengebobenwer·
