2550 4410
130 144 170 201 14
515 142 665 199 nonan.
683 146 810 210 sinte.

126 318 308 386 innocentia,
324 350 365 361 -
380 333 456 393 quae
467 316 545 395 apud
557 314 686 377 Graecos
696 316 837 377 usitatum
848 334 961 377 nomen
976 318 1100 381 nullum
1114 320 1199 387 hahet.

126 402 177 464 sed
192 403 301 464 hahere
316 410 415 481 potest
429 396 628 481 indideram
652 418 720 461 nam
735 409 781 463 est
797 401 973 463 innocentia
995 403 1129 466 adfectio
1143 406 1198 467 talis

126 488 225 559 animi,
241 507 316 567 quae
332 494 439 547 noceat
454 486 623 546 nemini-
640 530 647 557 ,
662 486 792 565 reliquas
806 487 894 548 etiam
909 486 1041 551 virtutes
1054 490 1197 571 frugalitas

126 575 268 634 eontinet.
307 574 388 645 Quae
412 571 468 631 nisi
491 578 571 631 tanta
589 580 668 631 esset
682 582 712 631 et
725 572 749 633 si
765 572 801 632 iis
815 571 972 652 angustiis,
987 573 1105 653 quihus
1118 575 1196 655 pleri·

125 678 182 737 qne
194 669 310 738 putant,
322 665 484 727 teneretur,
499 673 661 734 numquam
673 664 752 718 esset
761 654 794 717 L.
806 656 922 719 Pisonis
934 675 1114 737 cognomen
1125 669 1220 721 tantol

87 754 101 771 '
122 763 213 825 opere
235 744 393 804 laudatum.
430 740 488 801 Sed
506 740 575 818 quia
598 759 653 801 neo
676 740 727 819 qui
749 750 872 821 propter
885 750 1000 803 metum
1022 746 1194 824 praesidinm

124 830 253 908 reliquit,
273 828 352 907 quod
369 836 412 888 est
427 826 567 905 ignaviae,
585 844 640 903 neo
656 826 706 905 qui
717 836 842 906 propter
852 826 1003 889 avaritiam
1020 830 1102 891 olam
1115 830 1194 911 depo·

122 915 209 977 situm
227 933 287 974 non
304 911 441 983 reddidit,
456 910 533 989 qnod
550 920 596 971 est
610 910 780 983 iniustitiae,
801 930 857 973 neo
872 912 922 991 qui
937 923 1073 992 propter
1087 914 1193 977 temeri-

122 1008 210 1060 tatem
226 1000 300 1059 male
321 1015 382 1056 rem
398 996 498 1075 gessit,
521 994 599 1074 quod
620 1005 665 1056 est
686 996 836 1069 stultitiae,
857 997 943 1077 sruqi
956 998 1107 1078 appellari
1120 1000 1193 1073 solet,

122 1104 158 1144 eo
180 1085 234 1145 tris
255 1084 388 1153 virtutes,
412 1081 626 1153 tortitudinem,
648 1081 804 1151 iustitiam,
826 1083 1029 1161 prudentiam,
1053 1084 1194 1165 frugalitts
1206 1092 1232 1145 1·

121 1169 274 1246 eomplexa
289 1176 333 1228 est
347 1202 388 1213 -
406 1166 460 1227 etsi
476 1166 532 1226 hoo
546 1165 665 1244 quidem
682 1184 841 1227 commune
859 1167 1084 1245 estvirtutum3
1098 1188 1192 1232 omnes

121 1253 201 1314 enim
216 1254 294 1313 inter
306 1272 337 1313 se
350 1270 441 1312 nexae
457 1260 486 1311 et
501 1251 616 1330 iugatae
627 1258 713 1325 sunt;
736 1284 779 1295 --
790 1252 903 1330 reliqua
914 1252 1008 1331 igitur
1023 1262 1084 1329 est,
1099 1262 1192 1335 quarta

121 1338 213 1398 virtus
227 1347 259 1398 ut
275 1338 321 1409 sit,
346 1338 406 1415 ipsa
431 1336 593 1414 frugalitas.
630 1335 703 1397 Eius
718 1336 798 1397 enim
820 1336 1020 1400 videturesse
1043 1340 1192 1421 proprium

120 1432 218 1483 motus
234 1423 323 1483 animi
338 1422 503 1503 appetentis
518 1438 621 1499 regere
636 1428 667 1481 et
680 1421 783 1483 sedare
797 1440 975 1501 semperque
990 1423 1191 1487 adversante!

118 1507 232 1568 libidini
249 1507 427 1567 moderatam
446 1506 477 1566 in
493 1506 574 1565 ouini
590 1524 623 1565 re
637 1523 754 1566 servare
776 1508 990 1589 oonstantiam3
1014 1510 1070 1571 oui
1084 1514 1227 1572 oontsah

67 1601 95 1653 te
117 1593 193 1653 rium
208 1594 309 1653 vitium
327 1593 456 1671 nequitia
471 1591 586 1651 dicitur.
616 1590 791 1670 Fruqolitos,
807 1601 841 1652 ut
858 1592 976 1671 opinor,
993 1612 1009 1651 a
1025 1594 1128 1676 sruqe,
1142 1612 1193 1675 qna

119 1679 191 1739 nihil
214 1678 319 1739 melius
342 1697 357 1738 e
381 1689 475 1749 terra,
504 1670 633 1756 nequitia
654 1675 690 1736 ab
713 1694 748 1735 eo
770 1710 812 1719 —
834 1677 888 1737 etsi
911 1678 969 1737 erit
990 1678 1053 1757 hoo
1078 1682 1195 1743 fortasse

117 1765 229 1837 durius,
252 1764 302 1824 sed
319 1772 511 1841 temptemus;
526 1760 630 1821 lusisse
644 1771 802 1839 putemur,
823 1761 849 1821 si
865 1761 938 1821 nihil
959 1762 998 1823 sit
1011 1796 1062 1809 -·
1077 1811 1087 1840 ,
1103 1764 1139 1827 ab
1153 1784 1194 1837 eo,

117 1848 196 1928 quod
211 1852 397 1929 nequicquam
412 1856 456 1908 est
471 1846 501 1905 in
517 1845 567 1905 tali
583 1845 721 1919 homine,
744 1864 780 1905 ex
795 1863 856 1923 quo
878 1846 955 1907 idem
972 1846 1070 1911 nihili
1082 1850 1193 1913 dicitur.

117 1933 174 2004 Oui
190 1935 226 1995 sit
249 1934 327 2010 hugi
343 1933 432 2011 igitur
448 1931 502 2003 rel,
525 1930 548 1991 si
564 1930 665 2003 maris,
687 1931 857 1991 moderatus
870 1938 901 1991 et
921 1940 1113 2012 temperans,
1135 1941 1227 1997 euntt

117 2036 238 2079 neeesse
253 2026 377 2078 estesse
393 2024 593 2090 constantem3
616 2015 667 2093 qni
682 2023 780 2075 autem
795 2024 944 2090 constans
968 2017 1128 2095 quietnm3
1149 2020 1194 2101 qui

116 2102 242 2180 quietus,
258 2100 481 2179 perturbatione
493 2100 574 2160 omni
589 2118 724 2173 vacuum,
740 2117 811 2177 ergo
827 2100 915 2161 etiam
929 2103 1136 2181 aegritudine.
1161 2104 1194 2165 n

115 2197 185 2247 sunt
200 2186 247 2245 illa
263 2186 419 2265 sapientis;
436 2185 530 2246 aberit
545 2184 635 2264 igitur
650 2205 666 2245 a
681 2184 814 2264 sapiente
828 2187 993 2265 aegritudo.

148 2372 171 2421 2.
201 2362 341 2436 ἆβλᾶβεια.
382 2367 564 2421 Thatsichlioh
591 2369 625 2420 ist
711 2370 751 2421 tt.
769 2370 947 2435 haequidem,
964 2370 1046 2423 niml.
1060 2370 1122 2425 dats
1135 2372 1191 2439 jede

113 2454 159 2491 nur
179 2430 300 2505 ἀβλαβὴς
317 2439 402 2489 ausser
420 2438 445 2488 ln
465 2436 509 2488 der
526 2436 624 2488 Bedeu·
675 2432 782 2501 'legend
792 2436 956 2503 ellettbrigen
967 2438 994 2489 in
1003 2438 1064 2491 sich
1075 2440 1190 2507 hegreilt.

112 2512 175 2573 tung
202 2522 253 2557 von
271 2506 414 2557 incolumis
437 2504 502 2557 auch
529 2506 554 2556 in
579 2504 624 2556 der
711 2523 750 2573 qq,
774 2528 860 2573 mom,
878 2524 966 2571 ,mimi
982 2538 1048 2589 app·
1072 2517 1130 2579 ‘die
1148 2524 1191 2577 Be,

112 2591 162 2626 ron
187 2578 316 2625 innocens
343 2574 483 2639 gebraueht
510 2572 623 2635 worden,
674 2584 1190 2657 gqefqen‘qadpmmmququmswj,
1232 2614 1234 2631 .

112 2642 234 2693 Ἣῆιῖῐθῃά
250 2636 386 2706 ἀβλάβεια
405 2658 452 2693 llUl'
465 2642 490 2692 ln
509 2642 553 2693 def
570 2655 622 2692 Yon
674 2672 706 2707 le
724 2656 823 2709 zlehess.

111 2709 284 2760 incolumitas
303 2709 354 2759 und
371 2710 493 2775 dhrigens
511 2712 563 2760 esst
581 2709 621 2758 hei
710 2726 749 2778 qq,
768 2741 821 2791 qua
839 2723 966 2777 opums,
1002 2724 1132 2780 queqqm
1144 2728 1190 2781 qe,

112 2776 178 2828 ΡΜ
197 2775 352 2827 V0¹¹l⁰¹¹¹¹¹¹t·
672 2791 791 2843 letivseta
816 2793 852 2845 ist
877 2792 919 2845 die
946 2792 1116 2865 hnslteeunq
1140 2812 1188 2851 von

151 2862 175 2911 4.
203 2864 293 2910 tanta:
312 2874 363 2909 von
388 2875 417 2912 so
445 2860 621 2913 umlassender
672 2864 712 2909 est
728 2863 811 2923 (uini)
835 2860 906 2911 nieht
922 2860 1063 2926 unerhllrt3
1089 2864 1142 2932 vgl.
1160 2864 1189 2917 de

110 2927 272 2992 Bedeutung.
672 2926 743 2980 othl.
754 2932 777 2991 l,
792 2930 838 2981 20:
857 2931 934 2979 euius
949 2932 1048 2996 partes
1067 2932 1140 2985 duae
1155 2948 1189 2985 ss·

145 3000 168 3047 5.
202 2995 233 3045 L.
256 2995 417 3060 Calpurnius
438 2997 499 3046 auo
522 2995 621 3061 Frugi,
671 3000 742 3060 sunt,
760 3014 785 3048 u.
804 3011 827 3048 a.

110 3064 257 3115 berhhmter
281 3061 381 3114 Redner
407 3062 459 3114 und
488 3061 621 3115 Verlasser
708 3066 747 3115 17.
760 3066 793 3114 ab
812 3080 886 3114 eo-
902 3066 935 3114 al
953 3080 994 3116 eo.
1030 3064 1141 3121 Ehenso
1157 3068 1189 3119 ist

109 3146 160 3183 von
173 3129 620 3194 Annales,setztealsVolhstribun
672 3132 713 3192 28,
738 3134 768 3185 71
793 3131 824 3182 id
845 3131 911 3183 nach
934 3130 1019 3183 einem
1039 3133 1188 3189 Zwisehen-

111 3198 368 3253 149r.Ghr.diele.o
377 3199 620 3265 Calpurniadepa-
671 3203 741 3251 ratze
766 3214 811 3250 zur
834 3198 1028 3266 Erleiohternng
1054 3202 1106 3255 dee
1130 3202 1187 3257 Ver·

109 3270 196 3318 meniis
213 3268 367 3332 repetundis
383 3267 471 3330 durch,
498 3283 551 3318 war
571 3270 617 3319 133
671 3266 829 3319 slindnisses
846 3266 1008 3319 wiederhole

107 3335 205 3388 llonsul
216 3336 266 3387 und
279 3336 435 3388 trecensu.
449 3335 500 3387 (lic.
511 3353 533 3403 p.
544 3335 618 3387 Font.
706 3336 746 3387 19.
764 3338 950 3401 nequicquam.
985 3332 1096 3390 llbeneo
1110 3336 1185 3391 Varro

110 3407 149 3468 13,
175 3406 221 3457 29:
249 3404 288 3467 (L.
315 3406 387 3469 Piso)
415 3407 490 3454 tanta
517 3406 618 3454 virtuto
669 3402 778 3455 nux,
795 3404 907 3469 5,§81:
926 3419 965 3453 em
982 3418 1021 3453 ue
1039 3410 1077 3455 et
1095 3410 1186 3473 quie-

107 3477 186 3537 atque
213 3475 370 3535 integritate
388 3470 454 3536 suit,
480 3478 511 3521 ut
535 3473 617 3521 etiam
670 3485 767 3536 quam
790 3499 824 3507 -
846 3471 934 3521 medio
957 3474 1065 3523 extrita
1083 3476 1185 3543 syllaba

107 3540 161 3590 illis
179 3543 287 3605 optimis
304 3542 475 3606 temporibus,
493 3555 553 3590 eum
571 3541 617 3590 ho·
669 3542 792 3589 eoactum
818 3544 858 3589 est
882 3554 1034 3604 nequam.
1080 3542 1183 3603 Falsum

106 3611 338 3658 minamine-mire
355 3624 469 3673 nequam
487 3611 617 3657 neminem
668 3622 782 3671 nequam
808 3605 860 3658 und
889 3609 1011 3672 nequitia
1038 3609 1103 3663 sind
1125 3608 1183 3662 risl-

105 3690 207 3739 posses,
229 3675 302 3726 solus
321 3682 407 3727 tamen
424 3676 516 3740 Frugi
532 3677 617 3726 nomi·
669 3674 739 3725 mehr
760 3674 806 3725 mit
824 3676 936 3739 nequire
953 3674 1026 3727 eines
1044 3674 1182 3731 Siommet.

106 3746 226 3792 staretur.
703 3743 744 3794 22.
763 3742 799 3792 m
815 3748 878 3792 sunt
895 3746 954 3809 eet,
971 3758 994 3795 e.
1006 3758 1039 3797 an
1054 3748 1081 3811 7,
1097 3749 1143 3799 15:
1159 3747 1182 3795 si

141 3812 182 3861 10.
204 3825 243 3874 eo,
262 3826 281 3862 s.
300 3826 322 3864 z.
340 3809 358 3862 1.
378 3815 402 3874 ἵ,
423 3812 462 3862 13.
666 3812 805 3875 sapientis.
