2550 4410
148 183 209 242 140
541 184 634 238 LIBER
651 185 681 239 V.
701 188 845 250 25,11.12.

149 357 255 438 gaudio
272 357 463 437 compleatur.
500 358 566 438 lpsa
582 359 661 419 enim
676 358 815 437 cogitatio
840 357 876 419 de
892 358 918 418 vi
934 367 963 419 et
979 367 1084 419 natura
1102 359 1225 420 deorum

149 443 278 506 studium
294 443 427 504 incendit
441 443 519 504 illius
539 444 740 504 aeternitatem
758 443 890 504 imitandi
906 462 1003 522 neque
1026 463 1058 504 se
1080 444 1110 505 in
1129 445 1225 507 brevi·

149 538 208 590 tate
231 528 305 589 vitae
329 528 510 590 conlocatam
541 538 640 609 putat,
671 547 737 589 curu
760 547 861 590 rerum
883 547 985 590 causas
1012 529 1081 590 alias
1105 549 1141 591 ex
1163 531 1225 593 aliis

150 623 231 693 aptas
254 622 284 673 et
306 614 481 675 necessitate
510 634 600 676 nexas
622 614 712 687 videt,
741 614 848 693 quibus
877 614 912 674 ab
941 625 1062 675 aeterno
1091 623 1226 695 tempore

98 708 126 759 u
149 698 310 759 fluentibus
332 699 363 760 in
379 708 532 760 aeternum
547 701 620 761 ratio
642 709 741 760 tamen
763 718 907 777 mensque
929 699 1110 761 moderatur.
1146 701 1255 762 Haect

150 784 198 845 ille
221 784 341 845 intuens
363 794 451 863 atque
479 785 643 865 suspiciens
664 785 711 845 vel
733 785 831 864 potius
860 785 957 846 omnis
985 785 1077 865 partis
1100 805 1226 866 orasque

150 869 392 948 circumspiciens
408 879 517 948 quanta
532 889 636 931 rursus
657 870 748 930 animi
764 870 973 948 tranquillitate
996 871 1124 932 humana
1139 881 1170 933 et
1185 873 1227 933 ci·

151 955 258 1015 teriora
274 954 456 1015 considerati
472 955 549 1016 11133
564 956 611 1017 1113
627 955 756 1035 cognitio
772 954 886 1016 virtutis
898 955 1019 1029 exsistit,
1035 957 1227 1020 efflorescunt

152 1058 261 1120 genera
276 1048 435 1119 partesque
454 1040 603 1117 virtutum,
619 1040 768 1101 invenitur
780 1040 849 1118 quid
865 1040 913 1114 sit,
929 1042 1008 1120 quod
1020 1051 1126 1103 natura
1141 1063 1226 1123 spec·

152 1135 204 1199 tet,
221 1135 385 1185 extremum
400 1125 430 1185 in
447 1125 549 1198 honis,
571 1126 641 1204 quid
657 1126 688 1187 in
711 1125 794 1186 malis
817 1125 966 1200 ultimum,
989 1145 1049 1204 quo
1071 1128 1227 1189 reserenda
1245 1138 1267 1189 to

152 1210 213 1270 sint
234 1210 339 1283 3111313,
365 1228 440 1289 quae
466 1209 617 1291 degendae
639 1211 741 1271 aetatis
764 1210 838 1271 ratio
861 1210 1016 1290 diligenda.
1061 1211 1178 1283 Quibus
1200 1223 1228 1274 et

78 1355 81 1363 ,
153 1294 259 1356 talibus
274 1294 363 1356 rebus
379 1295 529 1374 exquisitis
544 1298 601 1357 hoo
621 1296 668 1357 331
684 1295 809 1357 maxime
831 1296 973 1371 eflicitur,
996 1297 1076 1375 quod
1099 1300 1155 1360 hae
1170 1299 1227 1360 dis-

153 1380 306 1459 putatione
321 1380 449 1458 agimus,
472 1392 502 1442 ut
522 1382 615 1443 virtus
630 1382 665 1442 ad
682 1381 765 1442 beate
786 1381 941 1442 vivendum
963 1382 1001 1442 sit
1022 1402 1053 1444 se
1074 1383 1138 1463 ipsa
1155 1403 1228 1445 con-

98 1474 130 1524 31
151 1474 241 1525 13333.
276 1465 414 1544 Sequitur
433 1467 534 1538 tertia,
555 1486 629 1546 quae
645 1485 699 1546 per
714 1466 810 1527 omnis
832 1467 923 1546 partis
944 1467 1107 1546 sapientiae
1129 1480 1229 1531 manat

153 1560 183 1611 et
197 1551 344 1624 funditur,
361 1570 436 1630 quae
451 1570 514 1612 rem
529 1552 646 1627 desinit,
662 1570 771 1630 genera
788 1552 936 1630 dispertit,
953 1555 1107 1631 sequentia
1123 1556 1227 1617 adiun·
1247 1562 1267 1615 tt

153 1636 203 1716 git,
220 1637 350 1715 perlecta
365 1637 531 1711 concludit,
547 1656 615 1698 vera
630 1646 660 1698 et
673 1637 744 1698 13133
760 1636 913 1709 diiudicat,
930 1638 1093 1700 disserendi
1110 1641 1185 1701 ratio
1202 1650 1231 1702 et

153 1721 283 1782 scientia.
320 1722 364 1782 Ex
380 1740 437 1801 qua
453 1741 520 1783 cum
535 1741 648 1784 summa
668 1723 778 1783 utilitas
800 1722 913 1783 exsistit
931 1724 966 1783 ad
989 1742 1037 1784 res
1058 1726 1230 1803 ponderan-

154 1807 221 1881 das,
248 1817 311 1868 tum
334 1809 458 1868 maxime
480 1808 612 1888 ingenua
634 1808 787 1869 delectatio
810 1815 840 1867 et
862 1807 950 1886 digna
972 1809 1125 1888 sapientia.
1171 1811 1229 1872 Sed

155 1893 227 1953 haec
243 1893 303 1953 otii.
334 1893 477 1954 Transeat
492 1894 568 1954 idem
585 1895 639 1954 iste
655 1893 773 1973 sapiens
788 1893 824 1953 ad
839 1911 901 1953 rem
915 1893 1064 1973 publicam
1080 1897 1229 1957 tuendam.

156 1977 233 2048 Quid
249 1996 283 2038 eo
299 1978 393 2057 possit
407 1997 471 2040 esse
485 1980 700 2058 praestantius,
724 1997 792 2038 cum
807 1974 977 2061 [contineri]
999 1981 1157 2058 prudentia
1172 1983 1230 2043 uti-
1250 1991 1267 2041 a

194 2096 217 2147 1.
236 2094 407 2159 compleatur.
439 2093 488 2146 lier
505 2094 571 2160 lion
574 2094 667 2146 3313133
718 2093 838 2145 Tendenz
863 2093 908 2146 der
931 2094 1023 2159 Natat,
1050 2096 1088 2147 313
1115 2098 1228 2152 auidas

157 2162 307 2213 5333133331
325 2162 373 2212 333
391 2161 473 2212 lnlralt
491 2162 536 2214 des
552 2112 666 2215 llelativ-
718 2162 827 2214 13333333
845 2161 903 2225 Gut,
921 2163 1046 2229 gerichtet
1063 2157 1113 2218 ist'.

156 2234 239 2280 333333
258 2229 296 2280 313
314 2228 402 2294 Fulge.
753 2233 791 2283 to.
811 2231 905 2296 qnid
894 2231 1013 2282 3333333133
1024 2232 1158 2300 altimum,
1176 2251 1229 2302 erg.

191 2299 214 2348 2.
232 2297 314 2360 3113333,
332 2296 408 2348 333331.
426 2299 529 2348 33333333.
716 2300 760 2349 333.

189 2369 219 2415 in
242 2368 421 2416 533331333-
439 2365 507 2416 eoni.
530 2361 589 2418 ‘auf
611 2366 666 2418 dies
751 2382 803 2431 qao
825 2364 967 2428 reserenda
995 2371 1043 2419 eet.
1061 2359 1144 2420 ‘nach
1167 2372 1229 2423 wel-

156 2427 586 2500 1333331353353333333133’·;.331
598 2435 790 2498 3333313333
808 2433 919 2518 Prinzip
929 2434 969 2486 (113
987 2433 1115 2488 Ρ111313333
1135 2454 1167 2490 zu
1185 2440 1230 2492 133-

157 2505 184 2555 9:
207 2506 353 2555 novitatem
369 2505 493 2554 nominis.
528 2502 578 2555 1133
596 2473 665 2555 Parti
716 2503 835 2553 31133333
854 2496 930 2563 sind';
950 2503 1002 2569 vgl.
1017 2505 1057 2566 16,
1067 2507 1114 2567 48,
1128 2508 1169 2570 28,
1181 2510 1228 2571 81,

156 2571 322 2623 conlocatam
343 2571 379 2623 ist
401 2571 447 2622 aul
466 2573 596 2635 cogitatio
621 2572 831 2633 13331168.

156 2639 334 2718 3333333311
358 2640 428 2690 nieht
446 2639 528 2691 selten
552 2655 602 2691 von
620 2639 665 2691 der
752 2609 791 2691 lt.
798 2638 943 2703 diligenda,
949 2653 969 2689 3.
975 2655 997 2692 3.
1004 2639 1021 2692 l.
1028 2643 1069 2703 26,
1075 2643 1120 2694 45·
1129 2643 1229 2695 dilecti.

157 2706 665 2773 331331333Ε133333133133333133113-
752 2709 791 2759 12.
810 2679 1166 2774 exquisitis=eceploratea

156 2774 276 2826 13311333·
256 2776 354 2841 Jenige
371 2775 592 2842 pridiziertwird,
610 2790 664 2827 was
752 2777 791 2826 14.
809 2779 903 2825 manat
918 2781 945 2825 33
965 2773 1101 2839 funditur,
1122 2779 1175 2844 vgl.
1197 2795 1230 2832 333

156 2857 208 2893 333
230 2843 274 2893 333
292 2841 387 2893 Person
411 2843 492 2894 selbst
515 2844 571 2926 gili.
607 2843 664 2910 Vgl.
715 2841 757 2893 lV.
773 2847 794 2904 1,
808 2844 835 2894 23
852 2844 956 2904 1133333.

157 2908 198 2961 lV.
217 2913 257 2972 24,
278 2912 321 2962 54:
343 2914 396 2960 ista
413 2910 567 2961 3311313333·
556 2927 666 2962 33333333-
752 2912 792 2962 16.
808 2909 929 2990 perfecta
948 2911 1094 2964 concludit:
1108 2905 1167 2965 ‘das
1183 2913 1230 2965 Er-

143 2978 414 3041 3133333333333333
431 2978 579 3031 3331331331.
717 2978 841 3059 gennis
835 2994 861 3029 1n
884 2979 954 3030 einer
976 2979 1144 3034 Schlulslorm
1171 2982 1231 3034 (133-

191 3049 215 3099 4.
225 3048 320 3111 quidus
334 3045 396 3109 geht
405 3045 450 3096 aul
462 3062 565 3107 33333333,
582 3050 666 3110 fluere
717 3042 791 3098 thut'.

153 3108 244 3166 ‘sich'
238 3130 273 3165 rm
291 3113 369 3177 l'luls,
388 3113 411 3166 d.
429 3115 452 3165 3.
471 3114 497 3165 13
515 3087 666 3167 3331331133-
751 3115 985 3166 disserendiratio
1001 3118 1165 3169 3333333333
1177 3112 1231 3170 313

157 3184 287 3249 inderung
305 3154 1161 3237 1331133333.111333333133113133(1131311133333
1176 3184 1230 3239 Me·

192 3254 214 3303 6.
232 3253 379 3317 inspiciens
401 3251 447 3302 mit
464 3247 605 3303 Rdcltsicht
623 3251 669 3303 aul
718 3242 1230 3318 113333).113133333111331513

156 3320 198 3371 (113
214 3321 312 3383 sidera,
331 3321 346 3384 §
365 3321 405 3371 69.
718 3324 803 3369 artem
820 3335 847 3368 33
865 3321 973 3371 tradere
995 3323 1059 3371 dene
1081 3323 1232 3374 disserendi

192 3391 216 3439 1.
232 3404 335 3453 carana,
353 3403 374 3439 3.
392 3387 409 3440 1.
430 3391 469 3452 11,
482 3390 523 3439 40.
718 3391 745 3436 33
754 3403 818 3437 uera
831 3402 863 3437 ae
874 3386 947 3448 falsa
956 3389 1136 3453 diiudicanda
1149 3408 1231 3457 qnam

191 3458 372 3508 eiieiiora=
395 3459 540 3507 1333331333.
577 3455 612 3508 So
634 3457 666 3507 (13
717 3457 796 3506 uerbo
817 3454 917 3507 633333
936 3428 1161 3523 διαλεκτικὴν
1184 3476 1231 3526 ap·

156 3525 206 3590 leg.
218 3524 258 3576 lll.
271 3526 294 3588 2,
308 3527 334 3575 4:
353 3530 385 3574 331
401 3525 436 3574 ad
454 3525 518 3575 3333
537 3527 666 3575 citeriora
714 3522 838 3589 pelleret.

156 3595 270 3643 ueniam.
754 3593 793 3643 18
806 3591 889 3655 digna
905 3594 1082 3658 capientia=
1092 3594 1231 3659 dignace—

191 3662 214 3712 8
233 3659 417 3722 efflorescunt.
441 3664 523 3711 333333
542 3659 668 3725 glinzend
715 3661 814 3725 pionte.

158 3726 258 3780 hervei.
755 3730 794 3780 19.
817 3726 948 3778 Transeat
966 3734 1015 3779 333.
1035 3727 1094 3781 Dies
1112 3729 1230 3785 13133313

191 3797 215 3846 9
223 3810 324 3858 genera
330 3800 496 3876 pariesque
494 3808 514 3845 3.
524 3793 562 3847 lll.
576 3799 614 3859 11,
622 3797 662 3847 24.
719 3796 833 3846 31313333
845 3795 985 3858 43313131,
979 3811 1014 3846 nn
1027 3795 1172 3863 Gegensatz
1186 3815 1231 3851 zur

192 3862 317 3925 qnod-
342 3864 371 3911 in
393 3864 468 3912 donis
488 3854 606 3915 woraul
626 3862 667 3914 die
718 3861 927 3929 Epikureischeu.
