2550 4410
458 172 551 225 LIBER
569 172 586 224 1.
605 176 646 237 32,
666 177 705 226 aa.
724 178 765 227 ro.
1103 173 1142 233 77

57 344 204 424 depellet.
228 343 268 404 M.
285 345 385 405 Laudo
398 345 425 404 id
439 344 567 422 quidem,
580 346 634 407 etsi
647 346 719 406 nihil
741 347 830 407 nimis
845 353 964 425 oportet
975 348 1141 424 confidere3
1164 360 1193 410 ta

58 447 220 490 movemur
235 430 313 490 enim
329 449 416 508 saepe
432 431 530 507 aliquo
545 439 631 491 acute
646 432 803 505 concluso,
825 431 959 492 labamus
979 441 1140 496 mutamus-

60 534 123 595 que
138 516 317 576 sententiam
333 514 508 576 clarioribus
523 516 609 576 etiam
625 517 655 576 in
672 515 778 592 rebus;
793 517 823 577 in
836 517 881 576 his
893 524 937 578 est
950 517 1030 576 enim
1045 519 1141 596 aliqua

61 600 241 661 obscuritas.
267 601 299 662 ld
311 600 401 678 igitur
411 601 436 662 si
450 600 598 676 acciderit,
614 601 707 662 simus
722 603 835 661 armati.
862 603 894 662 Α.
918 602 996 662 Sane
1012 602 1140 680 quidem,

63 687 117 748 sed
134 704 173 746 ne
189 686 300 747 accidat
314 685 486 764 providebo.

66 839 68 842 Α
151 770 194 830 M.
206 771 281 832 Num
295 771 366 849 quid
381 771 469 850 igitur
481 780 525 832 ost
537 788 651 843 causae,
664 772 735 849 quin
748 771 857 832 amicos
870 781 989 832 nostros
1001 768 1140 854 [Stoicos]

62 853 269 917 dimittamus?
291 875 342 916 eos
357 856 440 930 dico,
456 856 508 934 qui
523 856 605 915 aiunt
620 874 739 916 manere
755 857 884 930 animos,
900 874 968 916 oum
984 875 999 916 e
1015 874 1141 935 corpore

62 941 263 1015 excesserint,
284 941 337 1002 sed
357 960 418 1001 non
434 959 560 1019 semper.
591 941 624 1000 A.
651 940 726 1001 lstos
741 960 827 1015 vero,
849 942 917 1019 qui,
939 943 1018 1021 quod
1033 949 1094 1002 tota
1109 942 1139 1002 in

62 1027 120 1086 hae
142 1044 229 1086 causa
252 1025 455 1086 difficillimum
476 1034 537 1098 est,
557 1025 732 1105 suscipiant,
754 1045 842 1105 posse
863 1027 993 1087 animum
1021 1045 1141 1087 manere

62 1129 193 1189 corpore
208 1120 374 1184 vacantem,
390 1111 461 1172 illud
476 1118 584 1184 autem,
600 1112 680 1187 quod
692 1131 752 1173 non
769 1111 857 1172 modo
869 1112 953 1173 facile
969 1113 1003 1173 ad
1016 1113 1141 1173 ereden-

63 1196 137 1256 dum
154 1204 214 1268 est,
229 1196 281 1258 sed
296 1215 331 1257 eo
346 1215 505 1269 concesso,
521 1196 601 1274 quod
615 1196 734 1269 volunt,
750 1214 955 1275 consequens,
972 1197 1000 1257 id
1016 1198 1143 1258 eircum-
1179 1226 1190 1259 o

63 1280 176 1354 eidant,
193 1289 234 1353 ut,
250 1300 318 1342 cum
330 1281 380 1341 diu
391 1281 596 1360 permanserit,
612 1299 650 1341 ne
662 1281 795 1343 intereat.
822 1282 863 1343 M.
887 1282 968 1343 Bene
979 1283 1143 1362 reprehen-
1178 1284 1183 1299 '

63 1365 122 1439 dis,
139 1373 169 1426 et
183 1385 215 1426 se
230 1366 286 1427 isto
302 1367 390 1426 modo
406 1384 454 1428 res
469 1365 567 1426 habet.

153 1449 312 1512 Credamus
325 1451 415 1532 igitur
426 1451 564 1512 Panaetio
578 1469 594 1510 a
607 1449 729 1510 Platone
740 1470 793 1512 suo
809 1450 1018 1512 dissentienti?
1047 1452 1141 1523 Quem
1164 1462 1193 1511 19

38 1567 42 1588 ›
65 1535 148 1597 enim
165 1535 303 1597 omnibus
317 1537 391 1598 locis
405 1537 551 1609 divinum,
567 1553 656 1614 quem
671 1536 935 1613 sapientissimum,
953 1556 1039 1616 quem
1055 1556 1142 1598 sano-

61 1621 227 1695 tissimum,
250 1640 338 1700 quem
354 1622 515 1682 Homerum
531 1620 777 1700 philosophorum
799 1620 939 1700 appellat,
962 1623 1050 1684 huius
1065 1624 1143 1682 hane

61 1724 157 1767 unam
172 1706 350 1768 sententiam
366 1707 402 1768 de
422 1705 640 1768 immortalitate
662 1705 828 1766 animorum
849 1725 910 1767 non
932 1707 1047 1785 probat.
1077 1708 1144 1767 Volt

101 1875 125 1925 3.
144 1873 190 1924 Die
200 1873 288 1926 Worte
300 1877 329 1924 in
342 1875 384 1924 lois
395 1878 436 1924 est
449 1876 520 1924 enim
532 1879 580 1925 cet.
632 1872 659 1924 ll.
675 1875 714 1936 12,
727 1875 772 1925 30:
791 1873 844 1938 ille,
863 1875 910 1937 qni
920 1874 1065 1924 stillantem
1076 1890 1144 1939 prae

63 1942 201 1993 euthalten
218 1941 258 1993 die
271 1941 482 2008 Rerlrtiertigung
495 1942 541 2010 des
550 1957 582 1993 zu
633 1958 661 1990 se
676 1943 822 2007 pugionem
841 1942 911 2006 tulit,
928 1944 952 1991 ir
968 1959 984 1992 o
998 1947 1022 1991 te
1034 1944 1145 1993 lionoris

63 2009 246 2075 erginzenden
256 2009 420 2062 Gedaukens:
434 2008 481 2062 Um
491 2026 520 2062 so
530 2025 582 2061 we·
634 2025 715 2060 corno
732 2012 906 2061 nominatur?
1054 2028 1057 2033 ·

64 2077 583 2212 litttiiiinitiandi
634 2076 1144 2198 iii.ii·ii⁶ii.i⁰iiiiil.iii

103 2217 128 2266 6.
147 2217 248 2265 amieos
259 2220 372 2278 nostroe,
383 2213 583 2266 nichtironiseh.
635 2212 826 2266 deaRedenden
840 2215 989 2280 entspricht.
1014 2213 1089 2266 Wiue
1104 2214 1145 2265 die

65 2282 106 2334 Zu
141 2282 308 2332 dimittamur
336 2280 584 2348 (unberirolrsiehtigt
633 2280 716 2334 blolse
730 2281 809 2346 Folge
828 2284 990 2348 angedeutet,
1008 2297 1038 2334 so
1057 2282 1144 2333 winde

64 2352 168 2407 lassent
186 2350 238 2415 vgl.
256 2350 288 2402 de
301 2365 337 2401 or.
349 2350 386 2404 lll.
401 2353 441 2415 11,
454 2352 500 2402 64;
525 2350 583 2414 Qria
634 2349 679 2400 der
690 2349 770 2416 Regel
782 2349 847 2401 nach
858 2355 956 2401 utnon
969 2351 1067 2402 slehen.
1087 2349 1144 2415 Vgl.

64 2437 99 2471 re
113 2421 179 2468 istor
191 2419 355 2483 (Epicureos)
373 2421 431 2468 sine
447 2419 504 2469 nilo
522 2434 584 2468 eon·
633 2416 671 2468 lll.
684 2420 725 2480 33,
739 2421 783 2478 81;
802 2416 832 2468 V.
847 2419 887 2480 13,
900 2420 941 2469 39.

65 2487 182 2538 tumelia
200 2487 378 2547 dimittomm3
396 2486 467 2538 ebds.
486 2488 525 2549 18,
539 2488 583 2538 65:
667 2487 739 2536 Bene
757 2484 942 2550 reprehendis,
965 2499 985 2536 s.
1004 2499 1035 2534 zu
1053 2482 1084 2536 V.
1103 2484 1145 2547 37,

67 2556 177 2607 Stoicos
203 2559 292 2604 antem
315 2570 381 2619 qnos
403 2557 512 2605 minime
534 2557 583 2604 in-
637 2556 697 2605 109:
716 2552 796 2603 stulte
813 2553 974 2618 anteposuit.

62 2624 166 2690 probo,
184 2623 290 2673 dimitto
308 2627 405 2673 tamen.
670 2623 710 2673 14.
733 2623 869 2682 Panaetio,
888 2633 908 2669 s.
927 2633 959 2669 zu
979 2620 1018 2681 18,
1036 2619 1078 2670 42.
1112 2616 1145 2667 Er

107 2693 130 2742 8.
150 2690 217 2741 Irior
233 2707 297 2741 nero
314 2705 351 2741 sc.
369 2691 544 2740 dimittamur.
636 2688 736 2740 schrieb
755 2703 837 2754 gegen
855 2686 944 2739 Platos
960 2685 1075 2737 Phidon.
1107 2683 1144 2736 lla

105 2761 371 2824 qni—anreipioni,
389 2774 424 2811 sc.
443 2756 585 2817 defenden-
636 2757 729 2807 vorher
755 2756 797 2807 die
822 2756 964 2807 Ansiehien
996 2752 1144 2819 derjenigen

69 2828 145 2891 dnm,
163 2825 213 2878 wie
226 2826 258 2878 de
271 2825 498 2888 diuortium:
512 2825 586 2889 Quae
637 2824 740 2876 Stoilrer
757 2823 984 2890 zurdckgewiesen
1001 2822 1066 2887 sind,
1083 2821 1146 2873 wel-

68 2895 376 2960 sirrneipiomus,pedir
389 2895 586 2958 offensionobie
636 2893 684 2944 che
708 2893 764 2944 eine
786 2891 963 2957 Verniehtung
986 2890 1031 2942 der
1054 2889 1146 2942 Seelen

69 2993 105 3001 —
125 2967 152 3012 oi
171 2967 382 3014 sternutamenta
402 2968 483 3013 mont
499 2964 586 3012 obser-
636 2960 676 3012 bei
696 2959 741 3012 der
761 2955 921 3032 ἐκπύρωσις
938 2959 1092 3021 annalrmen,
1116 2972 1146 3009 so

69 3031 172 3082 vando.
637 3028 721 3080 durite
747 3029 885 3094 allerdings
911 3028 1011 3094 gelragt
1035 3025 1146 3089 werden,

103 3089 586 3160 11.idcircumcidant‘besclrrdnlren’,
638 3098 671 3148 ob
681 3096 803 3148 Pauidus
811 3097 884 3147 melu
893 3095 1006 3148 Glanben
1016 3093 1146 3157 verdiene,

71 3167 151 3220 niml.
165 3166 206 3217 die
219 3166 304 3231 ewige
314 3164 454 3217 Fortdauer
471 3165 533 3217 oder
544 3164 586 3216 die
637 3164 750 3216 welcher
778 3165 813 3215 im
837 3165 979 3230 Gegensatz
1009 3179 1040 3215 zu
1064 3162 1148 3213 seiner

71 3233 336 3300 Unvergirngliehlreit
353 3233 398 3286 der
416 3233 499 3297 Seele,
517 3232 541 3283 d.
560 3233 585 3285 ll.
638 3231 732 3285 Sehule
755 3248 803 3284 nur
825 3233 866 3284 ein
884 3247 913 3283 so
934 3232 1024 3296 langes
1042 3229 1147 3282 Fortbe

72 3303 116 3354 die
144 3302 282 3354 Fortdauer
308 3300 443 3353 derselben
468 3302 515 3352 mit
542 3300 586 3352 der
637 3299 910 3352 stehenderselbenzu
930 3299 1023 3363 ab,his
1036 3299 1148 3350 sienaoh

72 3369 277 3436 Beschrinlrung
295 3370 456 3433 einrdumem
474 3368 529 3420 dass
548 3369 585 3420 sie
637 3368 695 3419 dem
705 3367 841 3420 Verlassen
857 3367 903 3419 des
941 3370 1029 3432 orpers
1044 3381 1076 3416 zu
1089 3365 1146 3416 dem

74 3439 147 3490 nicht
169 3440 238 3504 ewig
261 3439 307 3489 sei.
340 3438 369 3489 ln
392 3442 473 3502 etwas
496 3438 586 3488 verin—
637 3437 713 3488 ihnen
726 3436 886 3501 homogenen
899 3435 1031 3485 Elemente
1044 3432 1148 3498 gelang-

73 3503 586 3572 derlerBedeutnng=circumcidendo
637 3507 693 3568 ten,
711 3503 738 3554 in
755 3503 813 3554 dem
831 3504 868 3554 sie
886 3502 952 3554 daun
971 3500 1147 3564 untergingen.

74 3576 180 3626 dernere
206 3575 275 3626 stelit
294 3574 339 3626 der
353 3573 488 3625 Ausdmek
504 3572 535 3624 de
549 3588 585 3623 or.
673 3574 713 3624 16.
731 3573 811 3622 liniter
829 3573 898 3620 ione
914 3583 996 3620 nnom
1014 3572 1063 3618 eet.
1096 3566 1147 3619 Cio.

73 3644 92 3697 l.
111 3646 151 3705 15,
164 3645 209 3695 65:
228 3644 290 3693 lieet
306 3644 368 3692 ltine
385 3647 515 3707 qnantum
532 3642 587 3691 eni-
637 3639 681 3690 hat
694 3641 774 3689 lanius
792 3639 833 3689 lirr
845 3641 902 3688 eius
919 3639 1027 3702 gesetzt,
1045 3649 1087 3686 um
1106 3633 1148 3687 die

74 3727 127 3777 qne
149 3712 285 3761 videbitur
308 3711 482 3760 circumcidat
506 3713 587 3774 nique
609 3729 612 3734 ·
636 3706 750 3758 beliebte
771 3705 896 3757 Parataxe
924 3703 1019 3754 zweier
1040 3701 1149 3755 Formen

74 3783 204 3844 amputet.
220 3806 254 3816 -
276 3778 309 3828 Id
324 3778 414 3829 nimmt
431 3775 477 3829 das
493 3777 586 3828 rorher
636 3773 771 3826 desselben
785 3773 860 3826 Pron.
872 3788 906 3824 nn
918 3771 1063 3839 gewinnen.
1089 3770 1149 3839 Vgl.

75 3851 192 3915 gesetzte
203 3847 273 3898 iliud
283 3845 379 3898 wieder
390 3845 442 3912 aul,
457 3845 508 3897 wie
519 3844 585 3897 Phil.
639 3845 678 3907 11,
696 3843 737 3894 24.
