2550 4410
153 187 196 248 90
557 187 651 241 nunu
666 188 708 244 iv.
728 192 817 257 asco.

155 375 255 427 utrum
293 368 329 429 ad
365 366 531 427 universam
565 364 834 444 perturbationem,
872 385 948 445 quae
984 378 1033 430 est
1070 370 1230 451 aspernatio

155 451 278 514 rationis
299 461 349 516 aut
369 451 518 532 appetitus
539 451 757 526 vehementior,
780 471 817 512 an
840 452 876 513 ad
894 452 1052 534 singulas,
1077 465 1116 517 ut
1131 455 1169 517 ad
1182 474 1230 517 me

154 547 232 610 tum,
260 538 437 612 lubidinem,
466 537 593 616 reliquas
619 538 723 600 melius
743 536 918 599 adhibeatur
939 539 1057 615 oratio,
1089 549 1123 602 et
1145 549 1229 603 unu·

154 623 265 686 illudne
281 644 342 686 non
359 625 490 685 videatur
505 641 592 702 aegre
608 622 783 697 ferundum,
799 642 834 684 ex
850 642 910 703 quo
925 634 1077 706 suscepta
1091 627 1134 688 sit
1147 626 1230 707 aegri-

154 707 241 783 tudo,
257 729 295 772 an
312 710 446 772 omnium
467 726 568 768 rerum
583 707 712 768 tollenda
728 709 850 770 omnino
866 709 1044 788 aegritudo,
1070 720 1118 788 ut,
1134 712 1159 775 si
1173 712 1253 792 quiet

154 811 242 872 aegre
253 796 328 858 ferat
342 815 374 858 se
388 812 550 876 pauperem
566 813 639 867 esse,
655 793 724 854 idne
740 794 881 873 disputes,
897 804 1117 875 paupertatem
1132 798 1230 859 malum

154 899 215 942 non
239 900 317 956 esse,
342 900 380 942 an
409 880 561 942 hominem
588 897 676 959 aegre
696 880 775 940 ferre
797 880 871 940 nihil
893 889 1051 960 oportere.
1093 882 1229 945 Nimirum

153 965 211 1027 hoo
227 967 340 1040 melius,
358 985 405 1038 ne,
421 965 445 1026 si
460 967 538 1026 forte
553 965 589 1026 de
604 972 776 1044 paupertate
792 985 852 1026 non
870 966 1072 1044 persuaseris,
1090 969 1131 1030 sit
1144 969 1228 1049 aegri·

153 1052 249 1114 tudini
272 1049 512 1124 concedendum;
535 1049 718 1130 aegritudine
740 1059 838 1112 autem
859 1051 974 1113 sublata
993 1054 1135 1134 propriis
1149 1054 1227 1115 ratio

154 1137 255 1210 nibus,
279 1137 387 1216 quibus
407 1136 471 1197 heri
492 1137 537 1199 usi
553 1153 669 1209 sumus,
698 1136 826 1215 quodam
841 1137 928 1198 modo
944 1137 1038 1199 ctiam
1051 1139 1257 1221 paupertatiatt

100 1222 399 1367 ᾖ811199υέ301Ιί919.
450 1306 456 1318 ι
560 1306 587 1367 (Γ
706 1306 765 1366 b·
843 1307 849 1319 1
885 1307 891 1319 1
929 1307 955 1368 la
1008 1309 1015 1322 .

101 1359 131 1409 ⁶⁰
155 1393 203 1453 n.
225 1310 1226 1475 qu..t?¹¹.¹tt¹⁰uut¹tibidis.ttd¹.t..5t¹.‘'¹tt3i¹.t²it:

154 1488 204 1539 aut
218 1479 308 1539 libido
324 1479 451 1553 oriatur,
470 1496 526 1538 nec
540 1477 668 1550 malurn,
687 1495 721 1538 en
738 1496 797 1557 quo
813 1485 864 1539 aut
878 1486 974 1540 metus
988 1487 1045 1542 aut
1061 1482 1225 1562 aegritudo;

152 1572 363 1626 verumtamen
376 1564 447 1625 baec
459 1573 503 1625 est
514 1571 595 1624 certa
607 1570 637 1623 et
647 1562 767 1642 propria
778 1563 901 1637 sanatio,
913 1564 937 1626 si
949 1565 1063 1628 doceas
1073 1566 1158 1647 ipsas
1167 1586 1226 1648 per·
1239 1574 1257 1627 u

153 1648 339 1712 turbationes
360 1668 415 1729 per
436 1667 468 1711 se
488 1667 553 1709 esse
567 1647 686 1709 vitiosas
702 1666 759 1709 nec
774 1647 884 1710 habere
900 1648 1063 1730 quicquam
1078 1661 1134 1716 aut
1149 1662 1226 1714 natu·

154 1735 213 1797 rale
225 1744 275 1796 aut
287 1735 496 1808 necessarium,
513 1741 545 1794 ut
558 1733 650 1812 ipsam
665 1732 880 1813 aegritudinem
895 1734 985 1796 leniri
999 1736 1154 1812 videmus,
1168 1755 1227 1801 cum

152 1820 298 1883 obicimus
318 1819 520 1882 maerentibus
540 1817 769 1880 imbecillitatem
791 1819 882 1880 animi
897 1821 1083 1896 effeminati,
1106 1841 1227 1903 cumque

153 1923 257 1967 eorum
274 1906 445 1986 gravitatem
461 1904 717 1983 constantiamque
732 1904 893 1980 laudamus,
909 1905 960 1984 qui
976 1925 1042 1967 non
1057 1909 1228 1970 turbulento

151 1991 279 2052 humana
301 1992 460 2071 patiantur.
495 1988 582 2060 Quod
602 1990 721 2068 quidem
743 1990 820 2051 solet
835 1990 877 2053 eis
899 1991 986 2052 etiam
1001 1992 1160 2069 accidere,
1182 1993 1264 2073 quitt

151 2076 201 2136 illa
215 2077 289 2137 mala
309 2094 374 2137 esse
389 2082 531 2145 censent,
555 2075 676 2136 ferenda
691 2084 790 2136 tamen
806 2094 901 2155 aequo
918 2076 1017 2138 animo
1034 2077 1227 2141 arbitrantur.

151 2160 238 2221 Putat
263 2159 368 2240 aliquis
391 2178 454 2221 esse
477 2159 654 2238 voluptatem
678 2160 807 2234 bonum,
835 2161 909 2223 alius
929 2171 1027 2224 autem
1053 2164 1227 2244 pecuniam;

151 2253 249 2306 tamen
274 2254 303 2306 et
324 2245 373 2306 ille
395 2245 431 2306 ab
453 2245 680 2324 intemperantia
696 2255 725 2306 et
738 2245 787 2307 hic
802 2245 839 2307 ab
854 2247 973 2308 avaritia
987 2250 1109 2311 avocari
1125 2257 1228 2331 potest.

150 2329 202 2390 illa
216 2338 313 2393 autem
328 2331 417 2392 altera
432 2330 506 2392 ratio
522 2330 675 2407 eiuratio,
699 2348 773 2411 quae
789 2332 876 2393 simul
892 2340 922 2394 et
937 2333 1116 2411 opinionem
1132 2336 1229 2398 falsam

151 2416 227 2477 tollit
241 2427 271 2478 et
288 2416 503 2496 aegritudinem
525 2416 666 2492 detrahit,
689 2424 734 2478 est
750 2435 784 2478 ea
807 2417 926 2496 quidem
947 2418 1068 2495 utilior,
1091 2420 1147 2483 sed
1166 2426 1267 2483 rarott

180 2538 201 2588 1.
216 2536 252 2586 ad
261 2538 414 2586 atuivorrum
425 2536 662 2601 perturbationem,
713 2539 752 2584 eet
770 2550 800 2584 ea
819 2535 926 2600 guidem
943 2536 1049 2588 utilior.

150 2618 171 2655 s.
190 2619 221 2654 zu
238 2602 266 2655 11.
288 2607 309 2668 1,
322 2607 346 2656 4.
750 2605 789 2655 19.
807 2618 862 2654 non
879 2605 1030 2656 turbulenta
1045 2628 1083 2649 =
1101 2622 1159 2659 non
1173 2620 1229 2674 po*

185 2676 209 2723 3.
233 2673 394 2723 adhibeatur
416 2674 519 2735 oratio,
543 2670 597 2736 vgi.
621 2671 662 2734 29,
714 2672 823 2722 turbati.

150 2741 197 2791 62:
217 2740 354 2790 eudemse‘t
372 2742 494 2791 omuibus
512 2738 663 2790 adhibenda
753 2740 793 2790 20.
817 2737 896 2802 Quod
917 2739 1024 2806 quidem
1045 2770 1083 2780 —
1102 2742 1228 2801 accidere.

151 2809 248 2858 oratio.
713 2806 791 2860 nimi.
801 2813 832 2857 ut
842 2810 944 2859 obieeta
953 2809 1138 2862 imbecillitate
1147 2812 1230 2862 anima·

184 2879 277 2925 autenm
298 2874 409 2925 illudue.
444 2873 479 2926 So
501 2874 565 2926 wird
583 2873 662 2926 bitere
714 2875 799 2938 effera.
811 2880 838 2926 et
851 2875 1115 2942 laudatagraoitato
1131 2883 1229 2930 eteoc-

151 2942 216 2993 naoh
229 2947 320 2992 utrum
334 2942 400 2994 noch
411 2959 445 2993 ua
455 2957 488 2993 au
501 2942 546 2994 das
559 2943 664 2994 betonte
714 2946 815 2995 atentia
832 2948 999 2997 moueantur.

152 3009 225 3062 Wort
248 3011 406 3077 angebdngt,
430 3026 452 3062 z.
471 3009 500 3062 B.
518 3027 543 3076 p.
563 3009 664 3070 Quinct.
750 3013 790 3065 22.
804 3013 884 3062 Putat
896 3014 1003 3079 aliquia,
1018 3013 1228 3078 s.z.11.24‚58:

152 3082 193 3141 30,
207 3081 252 3132 92:
271 3079 313 3130 Ea
327 3095 370 3130 ree
386 3082 416 3129 in
434 3080 589 3129 discrimine
606 3094 664 3129 uer·
713 3082 758 3131 iro
770 3080 929 3133 exardescit.
955 3079 1083 3147 Ubrigens
1095 3081 1167 3134 steht
1179 3082 1230 3134 die·

150 3153 241 3211 satur,
267 3153 359 3198 utrum
377 3149 496 3212 possitne
517 3163 544 3197 ee
568 3151 663 3197 eontra
713 3163 756 3200 ser
768 3147 829 3199 Satn
848 3149 887 3200 bis
897 3150 1041 3215 potortmit
1054 3150 1114 3202 dem
1126 3149 1227 3203 Ganzeu

152 3216 330 3267 luceriam-
343 3215 493 3277 defendere.
713 3216 740 3267 in
767 3217 826 3268 sehr
852 3216 981 3269 lockerem
1006 3217 1228 3284 zusammenbang

186 3289 209 3336 t.
227 3283 364 3336 Nimirum
381 3273 551 3349 ‘Uustreitig‘;
572 3297 663 3333 couce-
712 3284 766 3337 und
788 3284 884 3337 konnte
908 3286 1052 3353 uberhaupt
1075 3287 1136 3339 sehr
1160 3285 1228 3338 wobl

150 3353 275 3417 dandum,
292 3368 312 3408 s.
332 3368 364 3404 zu
382 3354 423 3418 29,
437 3353 477 3404 63.
714 3352 834 3405 entbebrt
852 3352 962 3406 werden.

188 3425 228 3475 10.
246 3422 313 3485 beri,
331 3420 355 3472 d.
368 3421 394 3472 b.
412 3421 447 3472 im
465 3420 489 3471 3.
508 3418 602 3471 Buche.
750 3424 790 3473 24.
809 3421 999 3473 Illa—uitem
1017 3423 1102 3473 ratio:
1121 3421 1166 3475 die
1183 3436 1228 3474 er-

188 3491 227 3544 12.
236 3490 371 3554 abdicatur,
384 3488 455 3552 Conj.
469 3502 592 3550 concess,
605 3486 662 3539 dem
714 3493 802 3542 stere
819 3519 854 3528 -
872 3488 927 3541 deis
946 3505 1005 3542 man
1022 3489 1137 3542 naimlicb
1155 3490 1229 3556 zeigt,

152 3559 263 3610 naebher
278 3555 378 3608 Verum
397 3561 484 3607 tamea
503 3560 550 3608 cet.
569 3570 664 3623 gegen-
715 3557 771 3609 dass
793 3556 835 3610 die
858 3556 953 3623 Sacbe,
979 3572 1026 3611 aus
1050 3557 1162 3624 der,die
1184 3558 1229 3611 Be·

151 3626 292 3678 fiberstebt.
334 3625 462 3689 Adicere,
491 3624 604 3690 weniger
626 3624 663 3676 ais
715 3625 872 3678 krirnmernis
890 3625 1001 3689 kommt,
1020 3625 1081 3678 keiu
1099 3626 1167 3680 Ubei
1185 3628 1228 3679 sei.

153 3694 257 3757 tollere,
285 3694 435 3745 bezeicbuet
456 3709 503 3744 nur
526 3693 567 3744 die
592 3693 664 3744 ober-
719 3692 1228 3761 vgl.111.3t,tu.78.-Wegenrauo

151 3761 288 3813 ssachlicbe
306 3760 472 3828 Beseitigung
490 3761 560 3813 einer
573 3759 664 3812 Sacbe.
715 3768 741 3813 et
758 3766 846 3813 oratio
864 3777 885 3815 s.
903 3779 935 3815 zu
951 3762 992 3814 lV.
1013 3766 1053 3825 17,
1072 3765 1115 3815 38.

185 3831 232 3882 ‚13.
252 3829 302 3880 itta
326 3831 444 3895 pauidam,
468 3845 488 3882 s.
511 3846 542 3881 zu
560 3829 577 3882 Ι.
597 3831 622 3894 3,
640 3831 664 3881 6.
750 3832 791 3883 25.
803 3831 907 3895 utilior,
920 3831 936 3884 d
948 3833 973 3884 b.
986 3831 1033 3883 ubt
1043 3831 1102 3884 eine
1114 3834 1229 3899 groiaere

153 3898 254 3950 Ebenso
273 3913 313 3950 am
326 3897 396 3951 Ende
414 3899 460 3952 des
472 3897 664 3964 Peragraphen:
716 3896 842 3965 Wirkung
865 3900 911 3952 aui
931 3899 1078 3966 dieJ‘euigen
1104 3914 1166 3967 aua,
1188 3901 1229 3954 bei
