2550 4410
480 187 575 244 Lllllllt
591 190 634 246 tr.
652 194 693 259 22,
703 194 745 246 to.
1107 192 1148 252 83

70 373 150 426 esset
165 383 232 425 cum
249 364 387 426 Hectore.
424 364 529 438 Cuius,
545 373 579 425 ut
595 381 675 424 arma
690 365 833 444 sumpsit,
848 365 994 443 ingressio
1009 365 1147 427 laetitiam

69 450 168 510 attulit
194 450 297 524 sociis,
324 459 469 512 terrorem
495 459 594 511 autem
620 449 770 523 hostibus,
798 458 832 511 ut
856 450 952 529 ipsum
979 450 1147 526 Hectorem,

70 554 160 614 quem
181 535 216 596 ad
237 535 359 596 modurn
382 544 426 597 est
447 536 525 615 apud
547 535 725 610 Homerum,
751 544 814 596 toto
830 543 950 614 pectore
971 545 1148 598 trementem

68 640 246 701 provocasse
265 621 300 680 ad
318 639 451 700 pugnam
469 620 644 700 paeniteret.
681 622 776 700 Atque
796 621 827 681 hi
843 620 994 681 conlocuti
1013 621 1091 682 inter
1106 641 1148 696 se,

22 719 41 769 5
69 707 154 786 prius
175 725 261 785 quam
273 724 394 766 manum
407 714 609 780 consererent,
624 705 732 768 leniter
746 716 776 767 et
791 705 889 785 quiete
902 706 974 766 nihil
989 725 1027 767 ne
1042 706 1073 766 in
1086 707 1149 787 ipsa

68 792 189 870 quidem
208 809 309 871 pugna
329 791 471 852 iracunde
487 791 637 852 rabioseve
652 791 798 852 fecerunt.
833 790 896 869 Ego
912 810 951 851 ne
965 791 1149 871 Torquatum

67 878 187 956 quidem
202 877 300 952 illum,
319 878 370 955 qui
385 879 441 938 hoc
457 894 624 955 cognomen
641 877 769 949 invenit,
792 877 898 938 iratum
915 876 1050 938 existimo
1065 877 1147 938 Gallo

65 975 207 1041 torquem
226 963 386 1024 detraxisse
408 979 464 1022 nec
478 961 649 1023 Marcellum
672 962 749 1041 apud
767 961 936 1023 Clastidium
952 962 1018 1023 ideo
1038 964 1147 1024 fortem

65 1049 174 1123 fuisse,
198 1049 265 1126 quia
280 1048 369 1108 fuerit
389 1048 490 1108 iratus.
521 1047 563 1108 De
579 1046 719 1108 Africano
734 1047 871 1126 quidem,
894 1047 962 1125 quia
984 1048 1083 1116 notior
1104 1058 1148 1110 est
1169 1061 1199 1112 ab

10 1146 35 1196 lo
65 1134 154 1194 nobis
169 1142 292 1212 propter
304 1143 455 1194 recentem
466 1132 651 1206 memoriam,
666 1132 711 1192 vel
726 1133 824 1193 iurare
839 1150 971 1211 possum,
986 1152 1048 1193 non
1064 1133 1146 1195 illum

64 1219 217 1280 iracundia
238 1228 300 1278 tum
323 1218 537 1280 inflammatum
557 1217 665 1291 fuisse,
694 1235 763 1278 cum
785 1218 816 1278 in
841 1217 904 1278 acie
926 1218 965 1279 Μ.
986 1219 1145 1280 hhieninm
1233 1234 1236 1239 ·

64 1304 238 1383 Paelignum
254 1312 339 1364 scuto
354 1303 518 1383 protexerit
533 1302 721 1382 gladiumque
735 1303 814 1364 hosti
835 1302 865 1362 iu
882 1311 987 1382 pectus
1002 1304 1141 1365 infixerit.

63 1391 109 1451 De
131 1389 164 1449 L.
186 1389 279 1449 Bruto
308 1391 433 1450 fortasse
462 1387 619 1449 dubitarim
647 1406 685 1448 an
714 1399 838 1468 propter
866 1388 1016 1450 infinitum
1045 1390 1145 1450 odium

24 1542 27 1547 ,
62 1474 185 1555 tyranni
200 1475 371 1535 effrenatius
386 1475 416 1534 in
433 1476 594 1534 Arruntem
609 1473 764 1549 invaserit;
784 1473 868 1534 rideo
885 1474 964 1534 enim
985 1483 1145 1555 utrumque

10 1573 30 1622 5
61 1560 230 1620 comminus
256 1560 317 1620 ictu
340 1559 480 1620 cecidisse
507 1559 669 1620 contrario.
706 1557 783 1628 Quid
808 1558 899 1636 igitur
919 1559 979 1620 huc
1001 1559 1146 1621 adhibetis

62 1643 159 1706 iram?
188 1663 225 1705 an
241 1645 400 1718 fortitudo,
423 1644 480 1706 nisi
494 1644 627 1705 insanire
643 1643 756 1724 coepit,
777 1644 905 1722 impetus
927 1663 997 1706 suos
1013 1664 1075 1705 non
1092 1645 1145 1705 ha·

61 1728 136 1791 bet?
165 1728 265 1800 Quid?
295 1730 471 1799 Herculem,
498 1747 586 1808 quern
609 1729 640 1789 in
665 1728 777 1790 caelum
799 1729 854 1789 ista
880 1728 958 1807 ipsa,
986 1748 1072 1807 quam
1094 1748 1145 1791 vos

62 1816 245 1876 iracundiam
262 1833 326 1876 esse
347 1815 448 1888 voltis,
470 1814 589 1876 sustulit
605 1813 765 1884 lortitndo,
787 1813 935 1874 iratumne
951 1832 1056 1876 censes
1072 1833 1144 1875 con·

63 1901 171 1961 tlixisse
198 1919 266 1960 cum
286 1899 478 1980 Erymanthio
506 1918 579 1979 apro
607 1908 658 1960 aut
682 1899 770 1960 leone
790 1897 962 1959 Nemeaeo‘.l
996 1918 1033 1960 an
1056 1900 1144 1961 etiam

10 2002 30 2051 u
63 1987 197 2047 Theseus
212 1985 389 2046 Marathonii
404 1986 480 2046 tauri
496 2004 612 2046 cornua
635 1984 861 2064 comprehendit
875 1982 990 2046 iratus?
1018 1984 1090 2045 Vide
1106 2003 1144 2045 ne

99 2105 120 2153 1.
140 2101 221 2152 Cuius
238 2101 300 2168 geht
319 2101 364 2153 aul
379 2103 459 2168 Ajax,
477 2102 515 2153 als
533 2101 578 2153 die
629 2100 753 2153 deutsche
779 2095 844 2152 ‘was
864 2128 898 2138 -
923 2095 1026 2154 betrifft'
1055 2116 1145 2154 ausen-

60 2169 246 2236 Hauptpersou.
629 2168 755 2233 dincken,
777 2168 842 2220 wird
860 2169 912 2221 last
929 2185 976 2221 nur
993 2170 1020 2220 in
1038 2168 1144 2222 Verbin-

96 2239 120 2290 3.
144 2255 220 2303 quem
244 2239 281 2288 ad
306 2237 414 2288 modum
439 2243 479 2288 eet
504 2237 578 2304 apud
629 2235 846 2302 dnngmitVerb.
859 2242 925 2290 sent.
938 2237 1145 2303 senectaeque

58 2308 211 2369 Horreorum,
228 2306 264 2357 ih.
278 2321 301 2358 v.
315 2308 366 2358 214
377 2321 448 2372 sqq:
628 2306 732 2369 wellen)
751 2305 899 2372 gebraucht.
923 2304 958 2357 So
971 2307 1055 2372 gleich
1068 2307 1144 2359 nach-

58 2372 111 2426 τὸν
134 2370 164 2425 δὲ
180 2377 226 2426 καὶ
240 2368 358 2443 Ἀργεῖοι
377 2368 440 2444 μέγ’
459 2371 577 2444 ἐγήθεον
628 2374 687 2425 her:
705 2374 747 2424 De
757 2373 788 2427 L.
801 2374 887 2424 Bmeto
901 2373 1048 2425 dubitarim
1063 2391 1099 2426 nu
1110 2405 1145 2414 -

263 2441 453 2510 εἰσοροῶντεε·
628 2439 811 2501 invaseriat.
821 2443 862 2506 20,
876 2445 920 2493 57:
934 2441 967 2492 de
978 2444 1028 2493 hec
1039 2444 1145 2494 bomine

63 2507 157 2577 Τρῶας
179 2504 210 2560 δὲ
230 2505 331 2578 τρόμος
352 2505 428 2560 αἰνὸς
450 2504 576 2574 ὑπήλυθε
628 2538 662 2547 -
676 2512 826 2574 accepimus
842 2525 973 2559 nemmem
986 2509 1070 2570 fuisse
1088 2515 1145 2561 eius

300 2580 330 2627 ῖα
346 2578 472 2640 ἕκαστον,
629 2579 843 2643 temperantiam
860 2576 892 2627 de
906 2583 970 2628 orat.
985 2577 1015 2632 ll.
1030 2581 1052 2642 1,
1065 2581 1094 2630 3:
1112 2580 1145 2629 de

51 2639 167 2710 Ἕκτορί
188 2640 216 2696 τ’
237 2645 313 2709 αυτῷ
337 2642 427 2712 θυμὸς
450 2646 491 2696 ἐνὶ
515 2642 578 2710 στὴ-
628 2647 748 2697 Antonio
764 2673 797 2682 -
810 2660 997 2710 acceperamus
1015 2661 1091 2712 quem
1109 2649 1146 2698 ed

264 2711 349 2764 deaei
366 2709 517 2766 πάτασσεν.
629 2713 737 2765 modum
754 2713 800 2764 itte
812 2718 861 2764 cet.
870 2741 905 2752 -
914 2701 1041 2780 Ubrigeus
1053 2715 1087 2766 iet
1099 2714 1144 2766 der

203 2781 577 2848 ...

55 2947 91 2956 -
102 2919 207 2982 quedem
226 2933 246 2970 e.
265 2934 296 2970 zo
314 2918 332 2969 l.
345 2921 387 2982 23,
400 2919 441 2971 53.
663 2918 769 2985 quidem
785 2911 873 2981 ‘aber',
891 2920 942 2970 wie
959 2918 976 2971 1.
995 2921 1036 2983 27,
1050 2921 1091 2973 67.

92 2989 116 3037 6.
143 2985 172 3036 Τ.
194 2985 312 3037 Manlius
339 2986 502 3054 Torquatus,
526 2989 572 3039 361
664 2990 704 3040 13.
721 2986 752 3038 L.
760 2987 857 3038 Iunius
866 2987 975 3053 Brutus,
992 3002 1013 3039 s.
1026 3003 1059 3039 zu
1070 2988 1088 3040 1.
1101 2991 1143 3053 et,

56 3071 81 3105 v.
101 3053 167 3117 Chr,
189 3068 230 3104 em
248 3053 338 3106 Flesse
356 3055 431 3109 Anio.
456 3056 510 3108 liv.
524 3055 575 3107 Vll.
628 3056 670 3108 89.
692 3053 747 3107 biv.
764 3054 793 3106 H.
806 3057 829 3106 2.

54 3127 110 3176 9ι1.
125 3125 166 3174 10.
661 3123 808 3174 dubitarim
820 3139 856 3174 au
867 3151 909 3189 -,
928 3123 978 3174 wie
993 3122 1031 3177 lll.
1044 3125 1085 3189 23,
1097 3127 1141 3177 55:

92 3193 116 3244 l.
128 3193 243 3241 iavereit:
257 3186 371 3254 ‘teuerstl
383 3186 493 3242 behem’.
513 3189 576 3242 Iler·
628 3191 703 3243 haud
718 3194 802 3243 eciam
820 3207 857 3242 aa
873 3220 915 3243 -.

56 3257 571 3312 selbehnedruclrvonderselbenSache:
664 3263 704 3314 14.
722 3260 798 3310 uideo
819 3253 872 3311 ‘ich
888 3258 956 3311 finde
974 3259 1010 3324 (in
1031 3258 1077 3310 der
1094 3258 1142 3311 Ge·
1213 3271 1215 3275 ’

54 3331 88 3381 de
105 3325 149 3379 fin.
168 3328 186 3380 l.
205 3330 230 3389 l,
241 3329 282 3379 23.
627 3321 771 3392 schichtel',
782 3328 833 3378 wie
846 3329 871 3392 3,
884 3331 911 3387 53
929 3326 982 3393 vgl.
993 3325 1031 3378 lll.
1045 3329 1085 3389 25,
1099 3330 1139 3381 59.

92 3398 114 3448 8.
138 3395 174 3446 Μ.
198 3395 327 3447 Claudiae
350 3394 506 3461 Marcellus,
529 3395 574 3447 der
662 3399 702 3449 17.
720 3396 867 3447 Herculem.
886 3393 946 3461 Vgl.
963 3394 991 3448 H.
1009 3397 1033 3459 9,
1052 3396 1094 3446 22.

54 3464 181 3517 Eroberer
203 3479 256 3514 von
281 3462 406 3529 Syracue,
428 3463 500 3516 hatte
522 3465 572 3516 222
660 3467 701 3517 20.
713 3463 883 3514 Marathonii
893 3465 976 3526 teum,
995 3462 1040 3514 der
1053 3463 1140 3514 ludher

54 3535 97 3585 die
116 3531 210 3584 Gallier
227 3530 268 3582 hei
283 3530 432 3584 Clastidium
450 3533 477 3583 in
489 3530 572 3584 Gallia
624 3546 678 3584 von
701 3530 823 3583 hercoles
846 3544 892 3583 eus
911 3530 985 3582 Creta
1008 3531 1139 3598 gebracht,

55 3601 199 3668 Cispadane
228 3599 384 3666 geschlagen
411 3600 463 3652 und
496 3601 570 3652 ihren
623 3615 676 3652 von
693 3599 851 3666 Eurystheos
865 3599 926 3650 aber
942 3598 1039 3651 wieder
1055 3599 1140 3666 loege·

53 3669 140 3735 lionig
151 3666 328 3720 Viridomarus
346 3667 381 3718 ina
393 3668 570 3735 Zweikemple
622 3668 709 3720 lassen
726 3682 782 3718 war
798 3667 851 3719 nnd
868 3665 957 3718 Attila
973 3670 1138 3732 verenstcte,

55 3739 146 3804 erlegt.
178 3737 246 3788 Plut.
260 3733 341 3788 hlarc.
359 3738 388 3799 b;
416 3737 517 3791 Auull.
536 3737 570 3790 de
622 3734 791 3788 bisThesens
808 3735 971 3801 ihnerlegte.
991 3734 1138 3790 crichet.

55 3809 102 3860 vir.
112 3807 149 3858 ill.
164 3809 204 3858 45.
623 3803 673 3856 VH.
692 3804 741 3855 433
754 3802 780 3856 ff.
1011 3829 1013 3834 2

90 3879 113 3928 9.
132 3876 173 3925 Ι)ε
189 3872 332 3935 Africano.
367 3872 442 3925 Diese
459 3871 506 3924 Art
523 3872 569 3925 des
657 3872 682 3926 V
682 3872 725 3924 ide
735 3887 769 3924 ue
778 3901 819 3936 -·‚
837 3887 858 3925 e.
875 3886 908 3923 zu
920 3871 938 3926 l.
962 3873 1003 3939 34,
1016 3873 1056 3926 83.
1090 3872 1138 3924 etit

894 3955 930 4010 6*
