2550 4410
123 121 182 181 136
439 119 532 175 uena
549 120 578 174 u.
596 123 637 184 21.
656 124 697 176 so.
716 124 757 188 aa,
775 124 817 175 si.
835 124 878 175 so.

271 292 363 365 Mede,
378 296 430 374 qut
442 290 593 355 ccueuetde
608 295 640 354 tn
654 297 745 355 curu

270 378 373 439 decem
388 380 472 457 dqere
486 410 527 422 ·-

120 462 267 543 Intellegit
281 470 369 543 poeta
383 462 517 542 prendens
533 460 648 523 serendi
663 460 774 525 doloris
788 462 1050 527 consuetudinem
1068 480 1133 527 esee
1145 482 1191 525 noe

69 555 98 606 od
119 548 369 610 contemnendam
390 546 568 627 magistram.
604 544 701 625 Atque
721 545 771 608 ille
792 564 854 609 non
876 546 1083 611 immoderate
1103 566 1191 629 meque

120 633 283 695 indolere:
1202 640 1212 693 l

269 716 406 788 Rett'ue'tc,
424 725 521 789 terete,
537 718 675 796 opprtmtt
688 714 778 788 ulcus,

270 802 392 872 Nuddte,
407 800 462 861 hee
475 803 614 862 miserum
628 794 691 861 mel
706 800 868 863 lucrecior.

119 887 229 966 Incipit
239 885 308 958 labi,
324 884 431 945 deinde
445 884 525 945 illico
538 884 660 946 desinit:

271 967 398 1050 Operr‘te,
414 968 552 1031 abscedite
566 971 627 1031 idm
641 970 701 1031 ium

270 1053 393 1128 ttittde3
409 1073 478 1115 num
493 1063 644 1116 attrectatu
659 1053 687 1114 dt
700 1071 805 1133 quum
1202 1060 1219 1115 t

323 1137 443 1199 Sceoom
459 1138 643 1219 dmplr'ficotr'c
658 1134 794 1200 doldrem.

119 1222 245 1285 Videsne
260 1230 294 1283 ut
309 1222 491 1284 obmutuerit
506 1242 568 1285 non
583 1223 701 1284 sedatus
716 1221 860 1302 corporis,
870 1221 925 1283 sed
935 1222 1106 1301 castigatus
1116 1220 1192 1285 animi

119 1304 226 1369 dolor?
251 1307 354 1386 ltaque
375 1308 405 1369 in
432 1309 571 1370 extremis
585 1307 698 1387 Niptris
718 1307 790 1369 alios
817 1324 938 1385 queque
958 1306 1105 1387 obiurgat
1118 1308 1193 1387 idque
1229 1374 1231 1379 ,

118 1410 266 1454 moriens:

274 1473 420 1558 Cdoqucri
432 1478 585 1556 fortunam
601 1478 759 1550 aduersam,
775 1473 837 1538 ndu
852 1475 1011 1539 dementart
1026 1477 1122 1551 decet‚·
1205 1484 1224 1535 u

270 1559 306 1623 ‘ld
319 1565 379 1623 viri
392 1574 431 1624 cst
446 1563 594 1644 officium:
608 1560 695 1641 fletus
707 1561 843 1623 muliebri
856 1563 973 1641 inperite
991 1562 1122 1625 dddr'tus.

119 1646 215 1709 Huius
230 1646 320 1708 animi
333 1665 403 1727 pars
425 1647 474 1708 illa
496 1646 615 1708 mollior
630 1646 738 1708 rationi
753 1646 796 1708 sic
810 1645 922 1727 paruit,
943 1654 979 1709 ut
988 1665 1099 1710 severo
1110 1647 1192 1728 impc-
1229 1712 1231 1719 ,

30 1706 70 1785 Χ
120 1731 211 1794 ratori
226 1732 309 1794 miles
324 1734 449 1812 pudens.

69 1813 107 1871 22
205 1817 238 1879 ln
256 1836 315 1897 quo
330 1836 399 1878 vero
416 1817 472 1878 erit
483 1818 614 1896 perfecta
626 1816 779 1897 sapientia,
795 1834 885 1897 quem
895 1815 994 1878 adhuc
1006 1835 1067 1879 nos
1083 1817 1192 1896 quidem

67 1903 96 1955 51
118 1902 242 1964 vidimus
266 1902 430 1976 neminem,
452 1900 504 1962 sed
526 1901 770 1981 philosophorum
791 1900 946 1965 sentenu'is
968 1902 1070 1980 qualis
1092 1901 1140 1963 hic
1153 1902 1225 1963 fu!

118 1996 204 2049 turus
218 1987 270 2060 sit,
293 1987 318 2047 si
334 1987 422 2046 modo
438 1985 596 2064 aliquando
611 1986 715 2062 suerit,
737 1986 914 2066 exponitur,
936 1984 961 2047 is
982 1986 1078 2065 igitur
1093 1987 1154 2049 sive
1166 2004 1194 2048 ca

119 2071 209 2143 ratio,
229 2089 305 2149 qnae
320 2069 377 2130 erit
391 2070 422 2130 in
438 2088 473 2131 eo
489 2071 621 2148 perfectu
636 2079 724 2150 atque
744 2070 893 2145 absoluta,
914 2069 956 2133 sic
978 2070 1023 2132 illi
1043 2072 1128 2151 parti
1147 2072 1194 2133 im·

119 2153 236 2237 perahit
250 2153 400 2228 interiori,
421 2161 455 2214 nt
476 2154 571 2216 iustus
585 2175 695 2236 parens
709 2157 812 2237 prohis
827 2156 908 2233 filiis3
930 2162 1007 2217 nutu
1027 2154 1113 2235 quod
1126 2157 1196 2219 volet

119 2238 272 2313 conficiet,
294 2237 376 2299 nullo
393 2237 512 2314 labore,
534 2241 614 2301 nulla
630 2240 763 2302 molestia
769 2260 778 2318 ;
802 2240 896 2319 eriget
910 2240 974 2320 ipse
988 2258 1023 2302 se
1035 2240 1194 2315 suscitabit,

119 2324 247 2386 instruet
267 2323 406 2397 armabit,
434 2333 467 2386 ut
487 2333 637 2404 tamquam
659 2326 737 2387 hosti
758 2326 801 2388 sic
822 2325 946 2387 obsistat
966 2324 1074 2387 dolori.
1122 2326 1229 2399 Quos

120 2418 191 2473 sunt
203 2409 257 2471 ista
272 2407 374 2471 arma?
397 2410 566 2487 contentio,
588 2411 771 2473 confirmatio
787 2427 946 2489 sermoque
960 2408 1114 2485 intumus,
1135 2430 1196 2474 cun

67 2511 96 2563 tt
121 2495 184 2576 ipse
199 2514 317 2559 secum:
331 2487 419 2558 ‘Cave
434 2506 521 2578 turpe
538 2496 705 2575 quicquam,
720 2495 903 2575 languidum,
925 2514 986 2556 non
1002 2489 1108 2557 virile?
1141 2496 1195 2559 Oh-

118 2590 275 2645 versantur
289 2581 403 2662 species
425 2582 567 2642 honestae
590 2589 620 2642 et
638 2598 738 2643 verae:
761 2581 841 2642 Zeno
863 2587 1051 2661 proponatur
1074 2580 1196 2657 Eleates,

154 2699 178 2750 6.
214 2696 332 2747 detineto
370 2701 463 2751 tenete.
499 2696 549 2750 llas
567 2696 633 2749 Sim·
685 2698 800 2764 aliquem
810 2696 1196 2762 lihidinicreopuluma'ctrcon

138 2764 181 2815 lex
193 2763 257 2814 nach
270 2762 327 2814 dem
337 2735 515 2829 kompositom
525 2764 633 2817 wieder·
683 2770 795 2816 mentem
804 2764 1045 2831 adphtlosophr'cm
1053 2766 1195 2832 appellem

121 2780 186 2895 hou,
199 2828 345 2895 wieEurip.
358 2829 451 2886 Bacch.
470 2834 548 2885 1063:
566 2851 632 2888 κατ·
685 2833 716 2885 ad
734 2833 794 2885 fam.
806 2832 847 2885 lX.
863 2835 908 2887 16:
927 2833 1005 2898 quaec·
1022 2848 1126 2885 aarum
1141 2835 1196 2900 eget

118 2885 368 3031 testetur
385 2895 632 3021 udrichi-
754 2899 933 2953 ‘c
953 2900 1081 2966 uu
1109 2903 1196 2969 ..q

155 3037 195 3089 tt.
214 3002 401 3085 tuttuo‘lar'st
418 3005 486 3086 mich
504 3027 572 3086 los!'
624 3005 631 3021 ’
679 2984 793 3101 posterae
809 2985 874 3088 sitne
889 3038 942 3087 istc
959 3039 1054 3088 arma?
1082 3033 1196 3104 dispe

155 3105 194 3156 11.
218 3099 405 3169 amplificatis,
428 3117 449 3154 s.
467 3102 484 3155 1.
504 3106 528 3167 5,
548 3105 579 3157 10
601 3120 634 3157 zu
686 3107 804 3157 conlatio
823 3104 894 3156 dient
911 3102 966 3155 hier
983 3118 1033 3155 nur
1054 3101 1135 3170 decu,
1158 3103 1195 3157 die

120 3168 261 3236 Sisyphus.
683 3170 919 3225 husmerltsemkeit
936 3170 981 3222 dee
992 3170 1084 3224 Lesers
1102 3170 1150 3226 eui
1159 3171 1195 3225 die

155 3239 193 3292 18.
203 3236 280 3288 miles
286 3237 399 3302 pudens,
409 3231 542 3310 αἰδήμων.
560 3238 633 3293 hom.
685 3239 806 3306 folgende
817 3240 937 3292 Aotwort
950 3254 982 3291 zu
1000 3252 1132 3305 spanhem
1150 3240 1196 3293 vie

117 3304 145 3360 ll.
158 3304 218 3358 Xlll.
234 3307 281 3359 121
293 3319 332 3372 sq.
351 3306 454 3358 werden
472 3306 513 3359 die
529 3306 634 3373 Krieger
684 3310 700 3375 5
719 3310 766 3361 53:
787 3308 841 3360 Cur·
859 3322 924 3374 ergo
940 3312 1032 3373 postea
1050 3308 1124 3360 attic

117 3364 634 3498 1136611111-οἷλῖἕνῖρεσὶθέσθε
719 3378 760 3431 28.
784 3378 884 3442 speeies
908 3377 1033 3426 honestae
1059 3379 1087 3427 el
1109 3391 1195 3429 ueram

117 3437 239 3507 ἕκαστος
262 3438 333 3497 αἰδῶ
354 3443 403 3497 καὶ
422 3459 543 3510 νμεσιν.
680 3435 829 3496 ‘Vorbilder
846 3443 890 3496 der
902 3441 1018 3509 Tugeod,
1037 3442 1140 3497 welche
1156 3443 1196 3497 der

151 3514 193 3566 20.
204 3512 345 3577 nemiuem,
357 3510 410 3577 rgl.
422 3510 440 3564 1.
454 3514 478 3576 6,
494 3512 538 3564 11:
554 3510 632 3564 nulli.
684 3510 866 3564 Wirklichkeit
890 3511 1006 3564 eutlehnl
1029 3503 1109 3573 eind’3
1133 3510 1196 3565 denn

151 3581 193 3633 25.
206 3584 342 3645 tamquam
354 3580 426 3629 horti
434 3571 564 3631 cic-‘um
574 3578 632 3631 dem
684 3579 755 3632 diese
779 3579 838 3633 sind
859 3594 900 3631 am
923 3578 1122 3645 withsamsten,
1148 3577 1195 3633 ond

118 3645 237 3698 Schmerz
260 3659 339 3711 ganz
364 3647 414 3698 wie
435 3647 519 3700 einem
536 3646 631 3700 Feinde
684 3663 712 3700 es
733 3647 836 3700 werden
855 3647 921 3699 auch
939 3647 974 3699 im
992 3646 1136 3713 folgenden
1152 3662 1194 3700 nnr

116 3711 282 3766 Widerstnnd
294 3729 326 3766 cn
340 3705 453 3767 teistcn'.
477 3713 536 3781 Vgl.
549 3715 581 3767 de
594 3730 630 3768 or.
683 3715 837 3768 historische
855 3714 984 3783 Beispiele
1001 3715 1150 3781 angethhrt.

106 3780 145 3867 ¹ll.
164 3782 206 3844 et,
225 3781 292 3833 tot:
319 3782 412 3833 timide
435 3788 572 3850 tamquam
596 3783 633 3834 cd
716 3784 791 3836 Zeno
809 3798 856 3837 aue
873 3782 935 3835 Elea
952 3783 978 3836 in
990 3781 1196 3851 Groisgriechen·
