2550 4410
441 185 536 239 uene
553 186 581 239 u.
600 190 640 252 aa,
659 189 700 240 sa.
720 190 760 239 53.
1079 187 1137 246 137

60 360 113 438 qui
127 377 287 439 perpessus
300 367 346 419 est
368 358 466 418 omnia
486 357 601 437 potius,
624 375 713 436 quam
730 357 867 420 conscios
882 358 1023 422 delendae
1038 369 1139 442 tyran-

60 444 139 506 nidis
167 444 325 518 indicaret;
352 444 389 504 de
411 443 584 504 Anaxarcho
605 442 786 504 Democritio
809 444 971 523 cogitetur,
1000 447 1139 523 quicum

60 528 150 610 Cypri
166 528 196 589 in
212 546 319 589 manus
333 528 538 589 Nicocreontis
550 527 629 608 regis
643 528 809 603 incidisset,
827 528 942 590 nullum
956 548 1051 609 genus
1066 550 1137 611 sup·

59 614 141 693 plicii
154 615 330 692 deprecatus
341 621 386 674 est
397 625 495 692 neque
507 613 662 674 recusavit.
689 613 825 675 Callanus
837 613 938 689 Indus,
955 615 1094 677 indoctus
1104 622 1147 677 ac‘

17 708 37 763 5
60 697 221 773 barbarus,
242 699 273 760 in
289 697 438 758 radicibus
453 698 575 759 Caucasi
590 706 696 770 natus,
720 715 774 759 sua
795 698 946 760 voluntate
959 698 1041 761 vivus
1056 719 1138 761 com-

58 784 165 845 bustus
180 791 233 844 est.
262 783 331 858 Nos,
348 783 373 844 si
388 801 442 863 pes
456 783 624 858 condoluit,
641 782 769 856 sidens,
787 781 850 865 [sed
866 785 911 844 lac
926 792 1021 844 totum
1038 786 1139 847 dolere

59 864 181 950 corpus]
198 869 276 928 serre
293 887 353 928 non
370 871 538 946 possumus.
569 868 678 947 Opinio
694 877 738 929 est
758 868 838 929 enim
861 869 1004 947 quaedam
1025 871 1139 931 effemi-

59 963 129 1016 nata
144 972 178 1014 ac
193 952 264 1014 levis
280 970 337 1013 nec
352 952 383 1013 in
399 953 501 1014 dolore
516 953 609 1031 magis
625 969 713 1030 quam
729 954 830 1013 eadem
845 953 876 1014 in
891 954 1058 1032 voluptate,
1080 974 1138 1034 qua

59 1057 130 1100 cum
145 1038 336 1116 liquescimus
352 1037 530 1116 fluimusque
544 1037 683 1111 mollitia,
700 1037 763 1117 apis
779 1039 914 1099 aculeum
929 1038 995 1101 sine
1010 1040 1137 1102 clamore

10 1125 136 1187 inferre
157 1142 219 1183 non
249 1141 416 1202 possumus.
458 1124 496 1183 ht
516 1141 586 1183 vero
608 1122 639 1184 C.
662 1122 785 1197 Marius,
813 1124 982 1185 rusticanus
1001 1124 1059 1199 vir,
1087 1127 1138 1187 sed
1160 1131 1189 1180 aa

57 1207 146 1288 plane
160 1209 219 1283 vir,
241 1226 309 1268 cum
324 1215 491 1280 secaretur,
507 1216 645 1287 utsupra
661 1207 735 1281 dixi,
751 1208 899 1286 principio
914 1209 1006 1269 vetuit
1019 1228 1051 1271 se
1067 1210 1139 1271 adli·

58 1293 134 1372 gari,
151 1311 207 1354 nec
223 1293 379 1371 quisquam
394 1301 462 1354 ante
474 1292 598 1353 hiarium
614 1293 729 1353 solutus
744 1292 852 1354 dicitur
867 1313 930 1354 esse
945 1302 1052 1355 sectus.
1080 1295 1139 1356 Cur

58 1396 131 1456 ergo
160 1386 263 1457 postea
289 1375 361 1438 alii?
395 1378 491 1438 Valuit
512 1377 678 1439 auctoritas.
715 1377 842 1439 Videsne
870 1378 960 1458 igitur
988 1380 1139 1459 opinionis

58 1482 139 1537 esse,
162 1481 224 1523 non
240 1470 363 1523 naturae
378 1460 511 1523 malum‘l
543 1462 586 1523 Et
603 1471 704 1523 tamen
720 1463 810 1524 luisse
824 1480 922 1524 acrem
938 1482 1070 1525 morsum
1085 1466 1139 1525 do-

10 1556 34 1611 15
57 1548 131 1609 loris
146 1547 223 1608 idem
236 1547 346 1609 Marius
361 1548 503 1620 ostendit;
520 1566 589 1609 crus
604 1548 683 1608 enirn
699 1547 824 1608 alterum
840 1567 901 1609 non
917 1548 1065 1627 praebuit.
1095 1550 1138 1610 lta

57 1640 89 1694 et
104 1633 172 1694 tulit
187 1633 320 1693 dolorem
343 1641 376 1693 ut
397 1632 440 1693 vir
455 1640 485 1693 et
498 1640 533 1694 ut
547 1632 636 1693 bomo
652 1632 792 1693 maiorem
809 1633 887 1693 lerre
902 1634 966 1694 sine
982 1651 1070 1695 causa
1084 1653 1138 1695 nc-

57 1718 185 1780 cessaria
201 1717 304 1778 noluit.
336 1716 444 1780 Totum
459 1717 551 1796 igitur
565 1717 596 1778 in
613 1735 648 1778 eo
664 1724 717 1791 esi,
733 1725 767 1777 ut
777 1716 830 1777 tibi
845 1717 983 1796 imperes
1015 1718 1138 1780 Ostendi

56 1811 158 1864 autem
180 1802 259 1881 quod
275 1809 354 1864 esset
373 1802 538 1881 imperandi
559 1820 670 1882 genus,
690 1809 778 1880 atque
798 1802 870 1862 haec
891 1802 1046 1882 cogitatio,
1068 1803 1139 1881 quid

57 1950 128 2017 land,
147 1941 254 2004 Schuler
272 1952 318 2004 des
335 1950 512 2016 Parmenides,
530 1967 574 2003 um
660 1953 784 2002 indoctae
800 1968 834 2003 ac
852 1954 967 2004 barb.=
978 1968 1139 2018 quamquam

58 2023 111 2074 460
121 2037 146 2072 v.
156 2020 222 2084 Chr,
235 2020 292 2084 soll,
305 2021 344 2072 als
356 2020 400 2072 ihu
413 2019 457 2072 der
469 2019 574 2087 Tyrann
626 2020 682 2072 iod.
691 2035 724 2071 ac
733 2021 806 2071 barb.
816 2025 882 2085 crat,
893 2020 1044 2073 daherohne
1054 2023 1138 2073 hamo.

56 2088 193 2141 Nearchus
211 2088 286 2153 (nach
295 2087 423 2140 anderen:
441 2087 574 2155 Ilemylns)
662 2091 684 2140 5.
700 2088 833 2140 Caucasus
846 2095 1008 2140 nannteman
1021 2089 1085 2141 auch
1098 2089 1140 2141 die
1243 2093 1245 2097 '

56 2172 119 2210 zum
128 2155 218 2208 Verrst
227 2171 260 2207 an
269 2156 357 2208 seinen
367 2154 575 2208 blitverschwor-
626 2155 754 2209 ostlichen
766 2155 969 2223 Fortselznngen
982 2156 1027 2209 des
1043 2158 1141 2223 cigent-

57 2239 111 2277 nen
123 2224 242 2290 zwiogen
254 2223 351 2288 wollte,
366 2223 420 2276 sich
434 2222 475 2275 die
487 2222 574 2289 Zunge
626 2224 712 2276 lichen
721 2223 865 2288 Kaukasus,
875 2224 899 2276 d.
909 2224 925 2276 i.
936 2225 985 2278 den
994 2224 1139 2294 llimalaya3

57 2292 215 2359 abgebissen
233 2291 285 2344 und
303 2291 340 2343 sie
352 2292 405 2343 ihm
417 2291 457 2343 ins
470 2291 575 2344 Gesicht
627 2291 679 2358 vgl.
698 2290 728 2342 V.
747 2294 788 2355 27,
807 2295 848 2344 ll.

57 2360 183 2428 gespieeu
201 2359 294 2423 haben,
312 2361 415 2411 woranl
430 2359 473 2411 ihn
492 2359 576 2410 dieser
662 2362 686 2412 9.
704 2361 865 2424 fluimusque
882 2360 1007 2412 mollitia.
1026 2359 1061 2412 So
1072 2359 1138 2412 Vell.

56 2430 85 2480 in
106 2427 188 2480 einern
205 2426 302 2479 hlbrser
320 2427 387 2479 habe
405 2426 576 2494 serstampien
626 2426 643 2479 l.
657 2428 672 2479 6
685 2443 710 2480 u.
723 2425 750 2477 11.
765 2429 809 2480 88:
827 2427 950 2478 mollitiis
960 2429 1001 2489 fle
1021 2427 1073 2480 Lis.
1087 2427 1138 2479 Vll.

57 2496 148 2548 lassen
166 2493 233 2561 (Val.
251 2493 320 2547 Max.
337 2495 375 2547 111.
394 2498 419 2561 3,
437 2498 472 2559 3).
627 2496 672 2548 29:
683 2495 849 2556 incalluere.
879 2493 1139 2555 Gewdhulicherdr'f-

96 2567 120 2616 1.
139 2565 235 2628 potius
259 2578 339 2629 quam
364 2562 468 2615 halbai
487 2562 575 2614 Gicero
625 2564 717 2624 {luera

56 2633 150 2684 immor
173 2630 218 2683 das
236 2630 357 2696 folgende
375 2629 501 2696 Verbum,
525 2631 575 2682 wie
663 2632 702 2682 10.
710 2631 873 2692 emticanae,
886 2627 999 2680 welches
1009 2631 1140 2680 sonstnur

55 2701 115 2752 hier
126 2698 268 2762 indicaret,
280 2699 315 2750 im
325 2697 494 2763 Konjunktiv,
507 2698 575 2750 ohne
626 2697 667 2749 die
677 2695 803 2748 llerlruult
812 2697 974 2748 bezeichnet:
985 2711 1046 2748 rom
1055 2695 1140 2749 Laude

56 2772 103 2829 ut;
115 2781 144 2819 so
152 2767 216 2818 auch
223 2767 301 2819 head.
307 2766 335 2818 ll.
346 2769 370 2831 8,
381 2768 413 2818 23
422 2786 428 2818 :
438 2768 482 2817 air
491 2768 576 2818 bonae
626 2764 823 2829 herstammend,
836 2765 926 2817 nimmt
938 2765 993 2816 hier
1005 2763 1046 2816 die
1057 2765 1140 2827 (uber-

55 2837 157 2888 statuit
174 2850 276 2885 omnem
291 2838 442 2886 55555ίαί555
451 2833 575 2900 perferre
626 2831 1139 2899 tragenelssedeutungvonnaetimaeau:

56 2933 93 3023 ἆ-
101 2905 195 2969 pota'ua
213 2918 293 2968 qaam
310 2907 362 2954 arat
373 2901 495 2965 officiam
509 2918 574 2968 pro·
626 2899 783 3021 unpppilpet,
801 2901 825 2953 d.
839 2902 863 2953 h.
881 2901 1075 2969 philosophisch
1093 2917 1140 2952 un·

75 2976 108 3024 at
124 2974 173 3022 cet.
643 2969 684 3020 ei
713 2984 746 3022 e.

95 3041 120 3091 2.
137 3039 320 3089 Anaxarchus
337 3051 384 3089 aus
400 3036 511 3101 Abdera,
532 3037 574 3089 ein
626 2983 642 3036 g
661 3040 702 3089 11.
720 3042 852 3104 utsupra
871 3037 939 3101 diod,
957 3052 978 3088 s.
998 3040 1038 3101 15,
1057 3039 1099 3089 35.

55 3107 197 3172 Anhanger
208 3105 359 3169 Democrito,
372 3103 503 3171 Brgleiter
514 3105 575 3158 Ale·
662 3107 703 3160 13.
720 3108 870 3157 auctoritas
883 3097 941 3157 ‘der
958 3103 1138 3170 malsgebende

56 3172 170 3229 xauders
182 3172 206 3225 d.
220 3173 262 3226 Gr.
280 3173 352 3225 hatte
368 3172 417 3224 deu
430 3173 572 3225 Nicocreon
624 3165 769 3240 Vorgang'.

57 3245 95 3309 (in
126 3241 175 3294 den
205 3240 297 3292 besten
323 3239 429 3293 lldscbr.
456 3241 572 3293 Ciceros:
661 3243 700 3295 16.
720 3243 784 3293 latit
803 3241 922 3292 dolorem
939 3245 988 3292 cet.
1024 3239 1074 3292 Der
1091 3239 1140 3292 Ge·

55 3309 223 3375 Timocreon)
236 3308 323 3360 lrdher
335 3309 429 3360 eiumal
441 3308 572 3375 beleidigt‚
625 3312 729 3374 gensatz
739 3308 870 3360 zwischen
879 3312 923 3360 air
931 3308 983 3360 und
993 3310 1070 3359 bomo
1083 3308 1139 3359 tritt

56 3378 144 3431 woidr
160 3377 205 3428 ihn
229 3376 314 3429 dieser
331 3377 397 3428 uach
414 3376 572 3429 Alexanders
624 3376 679 3429 hier
706 3376 785 3428 durch
812 3375 862 3428 den
884 3376 1017 3427 Chiasmns
1041 3389 1085 3426 um
1108 3388 1138 3424 so

55 3445 131 3500 'l'ode
149 3443 393 3497 zerfleischenlieis.
424 3444 571 3510 (Valblax.
624 3444 733 3496 schoner
751 3445 850 3496 hervor.
889 3441 945 3508 ng
964 3443 996 3494 ad
1014 3440 1043 3502 Q.
1061 3441 1091 3492 ir.
1111 3439 1138 3492 11.

55 3514 95 3568 bl.
114 3515 139 3579 3,
158 3514 210 3576 59.)
627 3515 666 3576 11,
676 3514 705 3564 3:
720 3514 810 3563 cimam
826 3517 849 3562 le
862 3510 1139 3575 putabo-bominem

92 3585 118 3634 l.
132 3581 265 3644 Callanus,
278 3581 319 3632 ein
327 3579 455 3632 indiseher
464 3579 577 3648 Gymno-
626 3595 681 3630 non
690 3581 801 3645 putabo.
814 3607 847 3617 -
859 3577 977 3629 bieselbe
987 3575 1139 3628 Gesehichte

56 3649 175 3717 sophist,
197 3647 285 3700 wnrde
303 3649 350 3700 mil
366 3647 511 3700 Alexander
532 3648 576 3699 be-
627 3646 823 3699 ausldhrlicher:
842 3644 909 3698 Plnt.
925 3643 987 3698 1155.
1005 3658 1027 3695 5.
1046 3646 1070 3697 6.

55 3716 186 3772 [renudet.
215 3715 242 3767 lu
261 3715 358 3768 seinem
376 3718 417 3769 73.
429 3715 507 3769 Jahre
525 3715 575 3782 gab
664 3716 702 3767 18.
716 3717 789 3779 creet,
801 3729 821 3766 s.
834 3729 865 3765 zu
879 3713 903 3773 2,
915 3716 945 3765 4:
964 3717 1060 3776 cesena
1074 3713 1139 3764 haec

55 3801 86 3908 ir
103 3799 197 3906 affin
209 3782 352 3918 llppnphpiit
364 3783 515 3905 siphgselbpt
523 3782 575 3918 pipp
627 3784 765 3902 effatuattio'
779 3795 801 3836 s.
816 3797 838 3833 z.
852 3780 870 3835 l.
889 3783 928 3845 19,
938 3782 984 3833 45:
998 3781 1139 3848 115555551-

77 3869 126 3908 eue
187 3892 194 3906 .
264 3866 296 3905 a.
337 3866 489 3919 ax..,ex
556 3889 563 3902 .
627 3865 759 3903 arao.
