2542 4394
151 199 193 260 70
493 197 588 254 LIBER
604 199 647 256 Ν.
668 202 708 266 12,
719 203 761 255 28.
781 202 872 267 listi.

152 392 243 434 nosos
264 372 424 451 quosdam,
446 373 588 451 quosdam
608 373 806 446 torminosos,
828 392 890 434 non
913 372 982 452 quia
1003 372 1064 432 iam
1088 372 1165 446 sint,
1187 375 1232 435 sed

153 458 221 536 quia
242 476 338 538 saepe,
361 458 403 518 sic
425 457 473 518 alii
495 458 681 531 admotum,
709 458 757 519 alii
785 459 822 519 ad
850 458 937 518 aliam
961 457 1231 536 perturbationem.

152 542 197 603 Ex
213 562 272 622 quo
290 544 320 603 in
341 542 405 603 aliis
425 548 572 617 anxietas,
593 543 674 603 unde
692 542 788 617 anxii,
810 543 842 604 in
857 543 922 605 aliis
936 543 1098 604 iracundia
1119 543 1231 619 dicitur,

152 645 229 706 quae
244 627 280 687 ab
295 632 343 689 ira
357 627 469 700 dillert,
493 636 595 706 estque
620 627 699 690 aliud
717 628 894 689 iracundum
910 645 990 701 esse,
1013 627 1096 689 abud
1120 627 1231 701 iratum,

152 721 185 772 ut
207 712 307 773 dillert
333 717 467 774 anxietas
487 712 524 773 ab
546 731 671 792 capore3
701 713 901 792 nequeenim
927 729 1034 773 omnes
1056 714 1158 787 anxii,
1186 714 1261 793 quit

151 806 304 877 anguntur
319 797 486 875 aliquando,
511 816 580 872 nec,
603 797 654 876 qui
669 797 764 872 anxii,
781 816 900 877 semper
914 805 1086 876 anguntur,
1111 806 1146 861 ut
1159 799 1234 860 inter

152 881 323 944 ebrietatem
344 891 374 943 et
389 882 587 944 ebriositatem
604 883 741 955 interest,
765 882 903 962 aliudque
918 891 963 944 est
977 891 1147 944 amatorem
1162 902 1233 958 esse,

152 966 230 1027 aliud
246 976 404 1028 amantem.
442 970 538 1046 Atque
555 968 627 1028 baec
641 967 768 1029 aliorum
784 969 820 1029 ad
835 968 909 1030 alios
922 965 1047 1029 morbos
1063 969 1233 1047 proclivitas

101 1063 130 1115 18
151 1051 208 1112 late
236 1060 329 1131 patet;
359 1069 424 1111 nam
454 1052 583 1131 pertinet
604 1052 639 1112 ad
664 1071 768 1114 omnes
791 1052 1048 1132 perturbationes3
1079 1053 1114 1114 in
1136 1053 1233 1115 multis

153 1137 240 1198 etiam
255 1136 332 1197 vitiis
347 1146 479 1215 apparet,
495 1138 546 1199 sed
561 1155 672 1198 nomen
689 1156 737 1199 res
753 1157 814 1198 non
830 1137 928 1199 babet.
951 1137 1031 1217 Ergo
1047 1145 1082 1199 et
1098 1139 1192 1200 invidi
1206 1148 1234 1200 et
1249 1147 1269 1200 tt

152 1221 278 1281 malivoli
302 1223 343 1298 [et
363 1220 451 1298 lividi]
473 1230 503 1283 et
523 1222 617 1283 timidi
638 1231 668 1283 et
689 1222 912 1296 misericordes,
934 1222 1004 1301 quia
1025 1223 1179 1301 proclives
1200 1225 1233 1285 ad

152 1323 200 1365 eas
215 1304 464 1384 perturbationes,
480 1325 542 1367 non
559 1307 627 1386 quia
641 1324 769 1387 semper,
784 1308 933 1368 seruntur.
960 1307 1041 1369 Haeo
1055 1308 1152 1386 igitur
1166 1328 1233 1389 pro-

152 1389 263 1451 clivitas
284 1391 320 1451 ad
340 1410 428 1452 suum
450 1391 589 1471 quodque
611 1410 708 1472 genus
729 1409 745 1452 a
766 1392 958 1453 similitudine
974 1394 1116 1472 corporis
1132 1411 1233 1473 aegro·

153 1474 222 1535 tatio
245 1475 373 1548 dicatur,
399 1477 470 1537 dum
492 1495 527 1537 ea
549 1477 737 1557 intellegatur
757 1478 793 1538 ad
815 1477 1029 1556 aegrotandum
1049 1479 1231 1557 proclivitas

152 1558 210 1620 Sed
231 1560 305 1621 haec
326 1561 355 1622 in
377 1560 464 1623 bonis
484 1561 590 1635 rebus,
613 1563 692 1641 quod
712 1562 761 1623 alii
783 1562 818 1622 ad
840 1562 894 1622 alia
909 1561 988 1622 bona
1004 1572 1079 1623 sunt
1094 1564 1233 1644 aptiores,
1251 1575 1269 1625 u

150 1644 279 1723 facilitas
294 1646 484 1722 nominetur,
500 1648 530 1708 in
547 1647 631 1708 malis
650 1646 829 1727 proclivitas,
845 1657 877 1708 ut
892 1647 1041 1726 significet
1054 1648 1232 1728 lapsionem,

152 1730 183 1790 in
200 1731 314 1792 neutris
329 1731 434 1793 babeat
449 1733 586 1811 superius
601 1750 721 1793 nomen.

97 1801 135 1858 1⁸
239 1815 305 1887 Ouo
321 1816 409 1877 modo
425 1828 523 1878 autem
539 1818 569 1878 in
586 1835 712 1896 corpore
728 1825 774 1878 est
787 1816 918 1891 morbus,
934 1824 980 1878 est
993 1818 1175 1894 aegrotatio,
1190 1827 1232 1879 est

99 1891 129 1942 ²9
151 1899 261 1974 vitium,
278 1901 320 1962 sie
336 1901 367 1962 in
383 1901 491 1962 animo.
526 1901 662 1964 Morbum
678 1902 828 1981 appellant
842 1901 934 1964 totius
949 1902 1090 1982 corporis
1105 1921 1228 1984 corrup·

150 1984 279 2058 tionem,
303 1991 525 2064 aeprotationam
538 1986 677 2047 morbum
700 2005 768 2048 oum
783 1985 994 2060 imbecillitate,
1017 1991 1142 2063 vitium,
1164 1997 1265 2050 cumtt

149 2080 249 2148 partes
264 2071 398 2148 corporis
412 2070 492 2131 inter
506 2090 537 2131 se
553 2071 711 2148 dissident,
736 2091 771 2132 ex
787 2091 847 2151 quo
862 2071 989 2151 pravitas
1009 2072 1223 2146 membrorum,

186 2237 208 2287 1.
228 2237 282 2285 iam
295 2228 447 2288 ‘eben'von
461 2235 518 2288 dem
533 2237 661 2302 jedesmal
713 2234 784 2290 lern’.
812 2237 848 2290 So
861 2236 926 2289 wird
938 2239 1050 2303 quisquo
1066 2239 1112 2291 bei
1124 2239 1223 2293 derbe

150 2301 372 2368 Gegenwiirtigen.
403 2303 493 2369 (Naar
509 2306 596 2357 wurde
614 2320 661 2358 nur
713 2306 824 2371 alebnng
836 2305 963 2357 mebrerer
974 2305 1105 2371 Subielrte
1118 2308 1164 2361 aul
1171 2323 1221 2360 ver·

150 2368 197 2421 auf
217 2371 263 2422 das
287 2371 345 2423 dem
364 2371 544 2438 Sprecbenden
562 2373 661 2440 Gegen·
712 2373 850 2425 sobiedene
880 2372 960 2438 Dinge
990 2379 1056 2426 stets
1087 2377 1137 2427 mit
1164 2391 1222 2427 auus

150 2439 257 2505 wirtige
275 2441 377 2506 geben.)
711 2442 963 2507 ubereingestimmt;
990 2442 1044 2507 vgl.
1070 2442 1105 2495 de
1129 2461 1167 2497 or.
1187 2442 1220 2495 lll.

184 2509 208 2559 2.
232 2512 400 2575 quiaeaepa,
424 2509 659 2576 vgl.111.23‚55:
712 2512 988 2574 caeremonialia
1007 2511 1105 2577 tarda,
1128 2527 1221 2578 magau
1265 2524 1269 2572 ·;

148 2590 204 2626 non
222 2579 286 2642 qaia
304 2580 454 2642 repentina.
706 2593 810 2644 parca,
837 2593 905 2642 quas
928 2581 1017 2628 tamon
1043 2580 1120 2630 inter
1144 2583 1222 2632 omnir

183 2649 207 2696 7.
237 2649 400 2709 amatorem,
432 2661 483 2697 von
513 2644 662 2696 bleibender
712 2649 751 2695 art
773 2661 945 2711 oceanoque
965 2648 1114 2710 ingmaro
1130 2647 1221 2699 medio·

150 2710 316 2776 Eigensebalt
337 2715 368 2776 (a.
381 2713 411 2764 B.
429 2712 487 2763 Hor.
505 2712 586 2778 Epist.
604 2713 623 2766 l.
638 2717 661 2777 1,
713 2716 774 2765 cris.
809 2712 936 2779 Ubrigens
961 2714 1058 2765 weicbt
1076 2715 1150 2768 dicae
1167 2715 1222 2767 llar-

150 2781 201 2842 38),
222 2784 355 2830 amantem
367 2794 427 2831 vom
446 2781 578 2831 einzelnen
591 2779 661 2832 Falle
713 2779 1221 2848 stellungvonderTbeoriederStoiler
1267 2804 1269 2812 ·

150 2851 250 2911 gesagt.
367 2901 377 2910 κ
712 2849 754 2913 ab,
775 2849 840 2900 nacb
861 2849 974 2901 welcber
990 2848 1037 2902 das
1055 2844 1221 2923 ἀῤῥώααημα

187 2916 226 2965 10.
244 2915 325 2964 vitiis.
361 2912 430 2965 Uber
450 2913 492 2966 dle
510 2914 662 2984 Bedeutung
713 2919 886 2982 (aegrotatio)
909 2932 960 2968 von
979 2917 1025 2969 der
1048 2914 1221 2985 αὐεμπτασία

148 2995 201 3033 von
218 2984 315 3032 citiam
333 2997 353 3033 s.
370 2998 403 3033 au
423 2985 462 3048 13,
472 2984 513 3036 29.
713 2984 775 3037 oder
788 2980 974 3053 εὐκαταφορίαι
990 2989 1172 3054 (proclivitas)
1188 2987 1222 3038 in·

183 3051 261 3115 Ergo
273 3079 307 3088 -
316 3051 508 3117 misericordae,
521 3067 556 3104 sc.
567 3052 659 3103 dicua-
713 3053 800 3104 solern
811 3053 979 3104 verschieden
991 3053 1035 3114 ist,
1048 3054 1088 3107 als
1097 3057 1161 3121 jene
1173 3069 1219 3108 von

150 3123 196 3169 tar
208 3110 306 3170 ‘baben
324 3118 396 3171 ibren
414 3112 529 3173 Namen’.
711 3121 769 3172 dem
783 3120 864 3172 Urteil
879 3121 996 3186 ansgebt,
1015 3121 1088 3176 diese
1101 3124 1149 3176 auf
1157 3124 1221 3176 einer
1267 3132 1269 3137 '

186 3189 225 3239 11.
239 3188 425 3252 proclives-
442 3185 584 3252 feramur,
607 3189 659 3253 agl.
711 3187 884 3253 Naturanlage
902 3187 1001 3240 bernbt.

148 3253 218 3306 Lael.
238 3257 279 3318 12,
297 3259 345 3308 41:
362 3272 418 3320 res,
442 3272 510 3321 quae
528 3257 661 3321 proclivis
747 3258 787 3310 16.
808 3255 931 3316 facilitas
944 3248 1075 3322 ‘anlage'‚
1098 3258 1221 3325 proclivi·

149 3323 187 3373 ad
206 3325 361 3393 perniciem,
380 3339 439 3373 aum
461 3324 541 3374 emaci
566 3328 660 3389 coepit,
711 3329 753 3376 tar
766 3316 950 3390 ‘Geneigtbeit
968 3318 1058 3391 llang’.

149 3392 263 3452 tabitam
278 3391 374 3455 jedoeb
390 3390 470 3443 findet
482 3392 536 3443 sieb
554 3391 580 3443 in
599 3393 661 3444 ibn·
746 3395 947 3446 litamina.
961 3392 1007 3444 llie
1017 3392 1125 3446 Stoilrer
1136 3394 1220 3446 teilten

148 3458 229 3512 licher
252 3458 420 3525 Verbindnng
442 3459 508 3511 aueb
531 3460 577 3511 das
595 3460 660 3512 Ado.
712 3459 945 3526 nimballellinge
962 3461 989 3511 in
1040 3464 1075 3526 te,
1094 3461 1220 3514 sablecbte
1267 3518 1269 3527 ,

149 3531 212 3579 stati
229 3527 275 3579 des
292 3527 360 3593 Adj,
383 3529 433 3579 wie
455 3532 534 3579 unten
554 3530 594 3592 18,
612 3531 657 3581 42:
711 3527 763 3581 und
781 3528 957 3594 gleicbgiltige
975 3521 1003 3593 (ἆ
1022 3526 1146 3599 ιαὶφαρα).

144 3597 263 3659 proclivi
288 3597 428 3655 labentum
454 3595 485 3648 de
505 3595 548 3648 fin.
568 3595 598 3649 V.
617 3598 658 3660 28,
743 3600 869 3662 superas
885 3613 997 3648 nomen:
1013 3594 1145 3658 facilitas.

150 3664 196 3714 84:
212 3664 333 3729 proclivi
351 3666 439 3714 comit
454 3667 552 3716 oratio.
747 3666 787 3719 18.
796 3667 905 3716 morbae
920 3656 1089 3730 ‘Krankbeit’‚
1099 3669 1220 3733 aegrota

184 3733 223 3783 12.
251 3732 322 3782 Haec
342 3733 499 3798 proclivitas
529 3733 567 3783 ad
581 3748 659 3784 ruam
711 3726 922 3798 tio‘Siecbtnrn’‚
937 3725 1219 3787 nitium‘Gebreeben'.

150 3799 271 3864 quodque
285 3815 372 3865 genae
384 3795 464 3852 ‘diese
476 3801 596 3868 Neigung
614 3799 659 3852 der
746 3803 786 3853 20.
808 3803 931 3853 morbum
954 3817 1013 3852 cum
1030 3802 1219 3868 imbecillitate,

150 3864 283 3918 einzelnen
293 3883 325 3918 zu
336 3868 408 3918 ibren
419 3868 585 3935 respektiven
594 3868 658 3920 Feb·
711 3883 732 3919 s.
751 3871 775 3932 8,
795 3871 826 3923 18
844 3884 876 3921 zu
895 3869 1038 3934 aegritudo
1057 3887 1093 3921 eac
1110 3887 1149 3924 eo.
