<?xml version="1.0" encoding="UTF-8"?>
<!DOCTYPE html PUBLIC "-//W3C//DTD XHTML 1.0 Transitional//EN"
    "http://www.w3.org/TR/xhtml1/DTD/xhtml1-transitional.dtd">
<html xmlns="http://www.w3.org/1999/xhtml" xml:lang="en" lang="en">
 <head>
  <title>
</title>
<meta http-equiv="Content-Type" content="text/html;charset=utf-8" />
  <meta name='ocr-system' content='tesseract 3.04.00' />
  <meta name='ocr-capabilities' content='ocr_page ocr_carea ocr_par ocr_line ocrx_word'/>
</head>
<body>
  <div class='ocr_page' id='page_1' title='image "./tusculanarumdis00cicegoog_0179.png"; bbox 0 0 2550 4410; ppageno 0'>
   <div class='ocr_carea' id='block_1_1' title="bbox 154 172 868 241">
    <p class='ocr_par' dir='ltr' id='par_1_1' title="bbox 154 172 868 241">
     <span class='ocr_line' id='line_1_1' title="bbox 154 172 868 241; baseline 0.01 -19"><span class='ocrx_word' id='word_1_1' title='bbox 154 174 195 233; x_wconf 85' lang='lat'><strong>20</strong></span> <span class='ocrx_word' id='word_1_2' title='bbox 497 173 591 225; x_wconf 80' lang='lat' dir='ltr'><strong>uene</strong></span> <span class='ocrx_word' id='word_1_3' title='bbox 607 172 646 227; x_wconf 91' lang='lat' dir='ltr'><strong>ut.</strong></span> <span class='ocrx_word' id='word_1_4' title='bbox 665 174 757 239; x_wconf 69' lang='lat' dir='ltr'><strong>tall·</strong></span> <span class='ocrx_word' id='word_1_5' title='bbox 776 175 868 241; x_wconf 84' lang='lat' dir='ltr'><strong>ta‚2t.</strong></span> 
     </span>
    </p>
   </div>
   <div class='ocr_carea' id='block_1_2' title="bbox 65 345 1254 1778">
    <p class='ocr_par' dir='ltr' id='par_1_2' title="bbox 155 345 1224 425">
     <span class='ocr_line' id='line_1_2' title="bbox 155 345 1224 425; baseline -0.003 -17"><span class='ocrx_word' id='word_1_6' title='bbox 155 367 217 408; x_wconf 95' lang='lat' dir='ltr'><strong>non</strong></span> <span class='ocrx_word' id='word_1_7' title='bbox 234 347 318 407; x_wconf 88' lang='lat' dir='ltr'><strong>liliac.</strong></span> <span class='ocrx_word' id='word_1_8' title='bbox 349 345 429 406; x_wconf 92' lang='lat' dir='ltr'><strong>lllam</strong></span> <span class='ocrx_word' id='word_1_9' title='bbox 445 347 524 405; x_wconf 88' lang='lat' dir='ltr'><strong>enim</strong></span> <span class='ocrx_word' id='word_1_10' title='bbox 541 346 654 417; x_wconf 91' lang='lat' dir='ltr'><strong>oderas,</strong></span> <span class='ocrx_word' id='word_1_11' title='bbox 668 345 772 406; x_wconf 88' lang='lat' dir='ltr'><strong>etiure</strong></span> <span class='ocrx_word' id='word_1_12' title='bbox 787 345 930 419; x_wconf 58' lang='lat' dir='ltr'><strong>sonasse</strong></span> <span class='ocrx_word' id='word_1_13' title='bbox 947 362 1052 425; x_wconf 90' lang='lat' dir='ltr'><strong>regno</strong></span> <span class='ocrx_word' id='word_1_14' title='bbox 1069 365 1134 408; x_wconf 93' lang='lat' dir='ltr'><strong>non</strong></span> <span class='ocrx_word' id='word_1_15' title='bbox 1149 364 1224 425; x_wconf 83' lang='lat' dir='ltr'><strong>aequo</strong></span> 
     </span>
    </p>

    <p class='ocr_par' dir='ltr' id='par_1_3' title="bbox 65 427 1224 509">
     <span class='ocr_line' id='line_1_3' title="bbox 65 427 1224 509; baseline -0.001 -17"><span class='ocrx_word' id='word_1_16' title='bbox 65 488 74 505; x_wconf 79' lang='grc'>,</span> <span class='ocrx_word' id='word_1_17' title='bbox 155 432 254 492; x_wconf 92' lang='lat' dir='ltr'><strong>animo</strong></span> <span class='ocrx_word' id='word_1_18' title='bbox 277 429 407 491; x_wconf 81' lang='lat' dir='ltr'>carebas.</span> <span class='ocrx_word' id='word_1_19' title='bbox 451 430 505 491; x_wconf 88' lang='lat' dir='ltr'><strong>Est</strong></span> <span class='ocrx_word' id='word_1_20' title='bbox 526 440 624 491; x_wconf 87' lang='lat' dir='ltr'><strong>autem</strong></span> <span class='ocrx_word' id='word_1_21' title='bbox 647 428 805 509; x_wconf 89' lang='lat' dir='ltr'><strong>impudens</strong></span> <span class='ocrx_word' id='word_1_22' title='bbox 823 427 923 489; x_wconf 87' lang='lat' dir='ltr'><strong>luctus</strong></span> <span class='ocrx_word' id='word_1_23' title='bbox 941 430 1224 493; x_wconf 73' lang='lat' dir='ltr'><strong>maeroresecoult</strong></span> 
     </span>
    </p>

    <p class='ocr_par' dir='ltr' id='par_1_4' title="bbox 103 512 1225 595">
     <span class='ocr_line' id='line_1_4' title="bbox 103 512 1225 595; baseline -0.004 -16"><span class='ocrx_word' id='word_1_24' title='bbox 103 528 132 579; x_wconf 81' lang='lat' dir='ltr'><strong>at</strong></span> <span class='ocrx_word' id='word_1_25' title='bbox 155 516 275 589; x_wconf 79' lang='lat' dir='ltr'><strong>cientis,</strong></span> <span class='ocrx_word' id='word_1_26' title='bbox 298 515 376 594; x_wconf 94' lang='lat' dir='ltr'><strong>quod</strong></span> <span class='ocrx_word' id='word_1_27' title='bbox 392 516 539 594; x_wconf 89' lang='lat' dir='ltr'><strong>imperare</strong></span> <span class='ocrx_word' id='word_1_28' title='bbox 555 533 616 575; x_wconf 93' lang='lat' dir='ltr'><strong>non</strong></span> <span class='ocrx_word' id='word_1_29' title='bbox 632 514 719 575; x_wconf 90' lang='lat' dir='ltr'><strong>liceat</strong></span> <span class='ocrx_word' id='word_1_30' title='bbox 735 512 845 575; x_wconf 90' lang='lat' dir='ltr'><strong>liberis.</strong></span> <span class='ocrx_word' id='word_1_31' title='bbox 875 512 1048 595; x_wconf 80' lang='lat' dir='ltr'><strong>Dionysius</strong></span> <span class='ocrx_word' id='word_1_32' title='bbox 1063 515 1181 595; x_wconf 89' lang='lat' dir='ltr'><strong>quidem</strong></span> <span class='ocrx_word' id='word_1_33' title='bbox 1192 526 1225 595; x_wconf 70' lang='lat' dir='ltr'><strong>ty·</strong></span> 
     </span>
    </p>

    <p class='ocr_par' dir='ltr' id='par_1_5' title="bbox 155 597 1225 680">
     <span class='ocr_line' id='line_1_5' title="bbox 155 597 1225 680; baseline -0.003 -18"><span class='ocrx_word' id='word_1_34' title='bbox 155 620 269 662; x_wconf 89' lang='lat' dir='ltr'><strong>rannus</strong></span> <span class='ocrx_word' id='word_1_35' title='bbox 287 600 439 680; x_wconf 78' lang='lat' dir='ltr'><strong>Syracusis</strong></span> <span class='ocrx_word' id='word_1_36' title='bbox 462 600 601 679; x_wconf 84' lang='lat' dir='ltr'><strong>expulsus</strong></span> <span class='ocrx_word' id='word_1_37' title='bbox 623 598 758 660; x_wconf 76' lang='lat' dir='ltr'><strong>Corinthi</strong></span> <span class='ocrx_word' id='word_1_38' title='bbox 780 615 891 677; x_wconf 85' lang='lat' dir='ltr'><strong>pueros</strong></span> <span class='ocrx_word' id='word_1_39' title='bbox 912 597 1069 676; x_wconf 80' lang='lat' dir='ltr'><strong>docebat3</strong></span> <span class='ocrx_word' id='word_1_40' title='bbox 1092 618 1183 680; x_wconf 83' lang='lat' dir='ltr'><strong>usque</strong></span> <span class='ocrx_word' id='word_1_41' title='bbox 1200 618 1225 659; x_wconf 88' lang='lat' dir='ltr'><strong>eo</strong></span> 
     </span>
    </p>

    <p class='ocr_par' dir='ltr' id='par_1_6' title="bbox 156 683 1245 765">
     <span class='ocr_line' id='line_1_6' title="bbox 156 683 1245 765; baseline 0 -20"><span class='ocrx_word' id='word_1_42' title='bbox 156 685 281 765; x_wconf 88' lang='lat' dir='ltr'><strong>imperio</strong></span> <span class='ocrx_word' id='word_1_43' title='bbox 304 703 405 745; x_wconf 89' lang='lat' dir='ltr'><strong>carere</strong></span> <span class='ocrx_word' id='word_1_44' title='bbox 428 703 488 744; x_wconf 93' lang='lat' dir='ltr'><strong>non</strong></span> <span class='ocrx_word' id='word_1_45' title='bbox 506 693 630 763; x_wconf 88' lang='lat' dir='ltr'><strong>poterat.</strong></span> <span class='ocrx_word' id='word_1_46' title='bbox 667 683 828 763; x_wconf 88' lang='lat' dir='ltr'><strong>Tarquinio</strong></span> <span class='ocrx_word' id='word_1_47' title='bbox 844 683 1010 761; x_wconf 86' lang='lat' dir='ltr'><strong>veroquid</strong></span> <span class='ocrx_word' id='word_1_48' title='bbox 1026 684 1245 765; x_wconf 77' lang='lat' dir='ltr'><strong>impudendml</strong></span> 
     </span>
    </p>

    <p class='ocr_par' dir='ltr' id='par_1_7' title="bbox 157 766 1226 849">
     <span class='ocr_line' id='line_1_7' title="bbox 157 766 1226 849; baseline -0.001 -19"><span class='ocrx_word' id='word_1_49' title='bbox 157 772 208 849; x_wconf 87' lang='lat' dir='ltr'><strong>qui</strong></span> <span class='ocrx_word' id='word_1_50' title='bbox 224 770 332 830; x_wconf 88' lang='lat' dir='ltr'><strong>bellum</strong></span> <span class='ocrx_word' id='word_1_51' title='bbox 349 777 466 848; x_wconf 76' lang='lat' dir='ltr'>gereret</span> <span class='ocrx_word' id='word_1_52' title='bbox 481 787 549 829; x_wconf 90' lang='lat' dir='ltr'><strong>cum</strong></span> <span class='ocrx_word' id='word_1_53' title='bbox 565 768 609 841; x_wconf 89' lang='lat' dir='ltr'><strong>iis,</strong></span> <span class='ocrx_word' id='word_1_54' title='bbox 626 768 676 847; x_wconf 87' lang='lat' dir='ltr'><strong>qui</strong></span> <span class='ocrx_word' id='word_1_55' title='bbox 692 768 755 829; x_wconf 89' lang='lat' dir='ltr'><strong>eius</strong></span> <span class='ocrx_word' id='word_1_56' title='bbox 773 785 834 827; x_wconf 95' lang='lat' dir='ltr'><strong>non</strong></span> <span class='ocrx_word' id='word_1_57' title='bbox 850 766 988 828; x_wconf 87' lang='lat' dir='ltr'><strong>tulerant</strong></span> <span class='ocrx_word' id='word_1_58' title='bbox 1003 766 1226 849; x_wconf 75' lang='lat' dir='ltr'><strong>superbientis</strong></span> 
     </span>
    </p>

    <p class='ocr_par' dir='ltr' id='par_1_8' title="bbox 158 850 1226 932">
     <span class='ocr_line' id='line_1_8' title="bbox 158 850 1226 932; baseline -0.002 -17"><span class='ocrx_word' id='word_1_59' title='bbox 158 873 225 916; x_wconf 87' lang='lat' dir='ltr'><strong>cunr</strong></span> <span class='ocrx_word' id='word_1_60' title='bbox 248 854 362 915; x_wconf 89' lang='lat' dir='ltr'><strong>restitui</strong></span> <span class='ocrx_word' id='word_1_61' title='bbox 388 855 417 914; x_wconf 94' lang='lat' dir='ltr'><strong>in</strong></span> <span class='ocrx_word' id='word_1_62' title='bbox 441 872 566 932; x_wconf 88' lang='lat' dir='ltr'><strong>regnum</strong></span> <span class='ocrx_word' id='word_1_63' title='bbox 589 872 645 914; x_wconf 89' lang='lat' dir='ltr'><strong>nec</strong></span> <span class='ocrx_word' id='word_1_64' title='bbox 669 853 835 913; x_wconf 76' lang='lat' dir='ltr'><strong>Veientium</strong></span> <span class='ocrx_word' id='word_1_65' title='bbox 862 852 920 912; x_wconf 85' lang='lat' dir='ltr'><strong>ne&#39;c</strong></span> <span class='ocrx_word' id='word_1_66' title='bbox 943 850 1135 916; x_wconf 86' lang='lat' dir='ltr'><strong>Latinorum</strong></span> <span class='ocrx_word' id='word_1_67' title='bbox 1158 852 1226 915; x_wconf 87' lang='lat' dir='ltr'><strong>aruit</strong></span> 
     </span>
    </p>

    <p class='ocr_par' dir='ltr' id='par_1_9' title="bbox 157 936 1226 1100">
     <span class='ocr_line' id='line_1_9' title="bbox 157 936 1226 1018; baseline -0.003 -20"><span class='ocrx_word' id='word_1_68' title='bbox 157 939 315 1018; x_wconf 87' lang='lat' dir='ltr'><strong>potuisset,</strong></span> <span class='ocrx_word' id='word_1_69' title='bbox 339 938 444 999; x_wconf 88' lang='lat' dir='ltr'><strong>Cumas</strong></span> <span class='ocrx_word' id='word_1_70' title='bbox 465 938 626 998; x_wconf 82' lang='lat' dir='ltr'><strong>contulisse</strong></span> <span class='ocrx_word' id='word_1_71' title='bbox 647 956 679 999; x_wconf 90' lang='lat' dir='ltr'><strong>se</strong></span> <span class='ocrx_word' id='word_1_72' title='bbox 700 937 808 998; x_wconf 89' lang='lat' dir='ltr'><strong>dicitur</strong></span> <span class='ocrx_word' id='word_1_73' title='bbox 827 936 919 1014; x_wconf 91' lang='lat' dir='ltr'><strong>inque</strong></span> <span class='ocrx_word' id='word_1_74' title='bbox 942 954 981 997; x_wconf 92' lang='lat' dir='ltr'><strong>ea</strong></span> <span class='ocrx_word' id='word_1_75' title='bbox 1005 937 1090 1001; x_wconf 89' lang='lat' dir='ltr'><strong>urbe</strong></span> <span class='ocrx_word' id='word_1_76' title='bbox 1112 940 1189 1002; x_wconf 87' lang='lat' dir='ltr'><strong>senio</strong></span> <span class='ocrx_word' id='word_1_77' title='bbox 1205 948 1226 997; x_wconf 89' lang='lat' dir='ltr'><strong>et</strong></span> 
     </span>
     <span class='ocr_line' id='line_1_10' title="bbox 158 1012 602 1100; baseline -0.005 -17"><span class='ocrx_word' id='word_1_78' title='bbox 158 1012 343 1100; x_wconf 79' lang='lat' dir='ltr'><strong>aegrit‘udine</strong></span> <span class='ocrx_word' id='word_1_79' title='bbox 359 1041 423 1082; x_wconf 91' lang='lat' dir='ltr'><strong>esse</strong></span> <span class='ocrx_word' id='word_1_80' title='bbox 439 1024 602 1083; x_wconf 88' lang='lat' dir='ltr'><strong>conlectus.</strong></span> 
     </span>
    </p>

    <p class='ocr_par' dir='ltr' id='par_1_10' title="bbox 106 1103 1254 1693">
     <span class='ocr_line' id='line_1_11' title="bbox 106 1103 1254 1187; baseline -0.003 -19"><span class='ocrx_word' id='word_1_81' title='bbox 106 1113 143 1168; x_wconf 78' lang='lat'><strong>18</strong></span> <span class='ocrx_word' id='word_1_82' title='bbox 246 1107 309 1166; x_wconf 87' lang='lat' dir='ltr'><strong>Hoc</strong></span> <span class='ocrx_word' id='word_1_83' title='bbox 326 1116 356 1165; x_wconf 93' lang='lat' dir='ltr'><strong>tu</strong></span> <span class='ocrx_word' id='word_1_84' title='bbox 373 1107 462 1184; x_wconf 86' lang='lat' dir='ltr'><strong>igitur</strong></span> <span class='ocrx_word' id='word_1_85' title='bbox 476 1125 581 1167; x_wconf 88' lang='lat' dir='ltr'><strong>censes</strong></span> <span class='ocrx_word' id='word_1_86' title='bbox 595 1106 722 1185; x_wconf 87' lang='lat' dir='ltr'><strong>sapienti</strong></span> <span class='ocrx_word' id='word_1_87' title='bbox 737 1103 869 1166; x_wconf 90' lang='lat' dir='ltr'><strong>accidere</strong></span> <span class='ocrx_word' id='word_1_88' title='bbox 884 1122 988 1183; x_wconf 85' lang='lat' dir='ltr'><strong>posse,</strong></span> <span class='ocrx_word' id='word_1_89' title='bbox 1007 1116 1044 1167; x_wconf 93' lang='lat' dir='ltr'><strong>ut</strong></span> <span class='ocrx_word' id='word_1_90' title='bbox 1060 1106 1226 1187; x_wconf 77' lang='lat' dir='ltr'><strong>aegritudine</strong></span> <span class='ocrx_word' id='word_1_91' title='bbox 1252 1149 1254 1152; x_wconf 26' lang='grc' dir='ltr'><em>ψ</em></span> 
     </span>
     <span class='ocr_line' id='line_1_12' title="bbox 160 1188 1227 1270; baseline 0.002 -19"><span class='ocrx_word' id='word_1_92' title='bbox 160 1191 352 1270; x_wconf 83' lang='lat' dir='ltr'><strong>opprimatur,</strong></span> <span class='ocrx_word' id='word_1_93' title='bbox 376 1192 404 1252; x_wconf 92' lang='lat' dir='ltr'><strong>id</strong></span> <span class='ocrx_word' id='word_1_94' title='bbox 436 1202 480 1252; x_wconf 90' lang='lat' dir='ltr'><strong>est</strong></span> <span class='ocrx_word' id='word_1_95' title='bbox 501 1188 640 1252; x_wconf 75' lang='lat' dir='ltr'><strong>miseria?</strong></span> <span class='ocrx_word' id='word_1_96' title='bbox 664 1190 738 1250; x_wconf 91' lang='lat' dir='ltr'><strong>Nam</strong></span> <span class='ocrx_word' id='word_1_97' title='bbox 760 1207 827 1249; x_wconf 89' lang='lat' dir='ltr'><strong>oum</strong></span> <span class='ocrx_word' id='word_1_98' title='bbox 851 1190 949 1250; x_wconf 92' lang='lat' dir='ltr'><strong>omnis</strong></span> <span class='ocrx_word' id='word_1_99' title='bbox 974 1192 1170 1269; x_wconf 83' lang='lat' dir='ltr'><strong>perturbatio</strong></span> <span class='ocrx_word' id='word_1_100' title='bbox 1187 1190 1227 1253; x_wconf 81' lang='lat' dir='ltr'><strong>ui</strong></span> 
     </span>
     <span class='ocr_line' id='line_1_13' title="bbox 159 1272 1228 1353; baseline 0.003 -19"><span class='ocrx_word' id='word_1_101' title='bbox 159 1275 234 1335; x_wconf 83' lang='lat' dir='ltr'><strong>seria</strong></span> <span class='ocrx_word' id='word_1_102' title='bbox 257 1284 311 1347; x_wconf 88' lang='lat' dir='ltr'><strong>est,</strong></span> <span class='ocrx_word' id='word_1_103' title='bbox 334 1285 395 1335; x_wconf 88' lang='lat' dir='ltr'><strong>turn</strong></span> <span class='ocrx_word' id='word_1_104' title='bbox 419 1276 588 1336; x_wconf 82' lang='lat' dir='ltr'><strong>carnificina</strong></span> <span class='ocrx_word' id='word_1_105' title='bbox 611 1284 655 1336; x_wconf 91' lang='lat' dir='ltr'><strong>est</strong></span> <span class='ocrx_word' id='word_1_106' title='bbox 675 1274 837 1353; x_wconf 86' lang='lat' dir='ltr'><strong>aegritudo.</strong></span> <span class='ocrx_word' id='word_1_107' title='bbox 867 1272 965 1335; x_wconf 84' lang='lat' dir='ltr'><strong>Habet</strong></span> <span class='ocrx_word' id='word_1_108' title='bbox 987 1278 1136 1339; x_wconf 89' lang='lat' dir='ltr'><strong>ardorem</strong></span> <span class='ocrx_word' id='word_1_109' title='bbox 1149 1276 1228 1345; x_wconf 83' lang='lat' dir='ltr'><strong>libido,</strong></span> 
     </span>
     <span class='ocr_line' id='line_1_14' title="bbox 159 1359 1229 1441; baseline 0.006 -23"><span class='ocrx_word' id='word_1_110' title='bbox 159 1359 308 1419; x_wconf 89' lang='lat' dir='ltr'><strong>levitatem</strong></span> <span class='ocrx_word' id='word_1_111' title='bbox 326 1360 432 1420; x_wconf 90' lang='lat' dir='ltr'><strong>laetitia</strong></span> <span class='ocrx_word' id='word_1_112' title='bbox 447 1361 585 1439; x_wconf 84' lang='lat' dir='ltr'><strong>gestiens,</strong></span> <span class='ocrx_word' id='word_1_113' title='bbox 600 1359 792 1421; x_wconf 84' lang='lat' dir='ltr'><strong>humilitatem</strong></span> <span class='ocrx_word' id='word_1_114' title='bbox 808 1368 914 1431; x_wconf 90' lang='lat' dir='ltr'><strong>metus,</strong></span> <span class='ocrx_word' id='word_1_115' title='bbox 935 1359 992 1420; x_wconf 81' lang='lat' dir='ltr'><strong>sed</strong></span> <span class='ocrx_word' id='word_1_116' title='bbox 1009 1362 1171 1441; x_wconf 77' lang='lat' dir='ltr'><strong>aegritudo</strong></span> <span class='ocrx_word' id='word_1_117' title='bbox 1183 1379 1229 1423; x_wconf 89' lang='lat' dir='ltr'><strong>mt·</strong></span> 
     </span>
     <span class='ocr_line' id='line_1_15' title="bbox 160 1443 1228 1523; baseline 0.004 -20"><span class='ocrx_word' id='word_1_118' title='bbox 160 1445 222 1503; x_wconf 90' lang='lat' dir='ltr'><strong>iora</strong></span> <span class='ocrx_word' id='word_1_119' title='bbox 238 1445 394 1521; x_wconf 82' lang='lat' dir='ltr'><strong>quaedam,</strong></span> <span class='ocrx_word' id='word_1_120' title='bbox 409 1446 522 1517; x_wconf 89' lang='lat' dir='ltr'><strong>tabem,</strong></span> <span class='ocrx_word' id='word_1_121' title='bbox 538 1445 710 1518; x_wconf 90' lang='lat' dir='ltr'><strong>cruciatum,</strong></span> <span class='ocrx_word' id='word_1_122' title='bbox 725 1443 964 1517; x_wconf 80' lang='lat' dir='ltr'><strong>adflictationem,</strong></span> <span class='ocrx_word' id='word_1_123' title='bbox 987 1446 1180 1523; x_wconf 66' lang='lat' dir='ltr'><strong>foeditatem</strong></span> <span class='ocrx_word' id='word_1_124' title='bbox 1197 1446 1228 1507; x_wconf 85' lang='lat' dir='ltr'><strong>lt·</strong></span> 
     </span>
     <span class='ocr_line' id='line_1_16' title="bbox 160 1527 1254 1608; baseline 0.009 -20"><span class='ocrx_word' id='word_1_125' title='bbox 160 1539 248 1602; x_wconf 89' lang='lat' dir='ltr'><strong>cerat,</strong></span> <span class='ocrx_word' id='word_1_126' title='bbox 269 1537 350 1590; x_wconf 83' lang='lat' dir='ltr'><strong>exest</strong></span> <span class='ocrx_word' id='word_1_127' title='bbox 370 1530 501 1589; x_wconf 91' lang='lat' dir='ltr'><strong>animum</strong></span> <span class='ocrx_word' id='word_1_128' title='bbox 524 1530 671 1608; x_wconf 86' lang='lat' dir='ltr'><strong>planeque</strong></span> <span class='ocrx_word' id='word_1_129' title='bbox 694 1528 821 1589; x_wconf 85' lang='lat' dir='ltr'><strong>conticit.</strong></span> <span class='ocrx_word' id='word_1_130' title='bbox 852 1527 936 1589; x_wconf 90' lang='lat' dir='ltr'><strong>llanc</strong></span> <span class='ocrx_word' id='word_1_131' title='bbox 959 1530 1023 1593; x_wconf 93' lang='lat' dir='ltr'><strong>nisi</strong></span> <span class='ocrx_word' id='word_1_132' title='bbox 1038 1533 1179 1595; x_wconf 86' lang='lat' dir='ltr'><strong>exuimus</strong></span> <span class='ocrx_word' id='word_1_133' title='bbox 1191 1532 1229 1598; x_wconf 65' lang='lat' dir='ltr'><strong>titt</strong></span> <span class='ocrx_word' id='word_1_134' title='bbox 1253 1538 1254 1544; x_wconf 76' lang='grc'>’</span> 
     </span>
     <span class='ocr_line' id='line_1_17' title="bbox 161 1612 885 1693; baseline -0.001 -20"><span class='ocrx_word' id='word_1_135' title='bbox 161 1622 193 1673; x_wconf 94' lang='lat' dir='ltr'><strong>ut</strong></span> <span class='ocrx_word' id='word_1_136' title='bbox 207 1612 377 1687; x_wconf 88' lang='lat' dir='ltr'><strong>abiciamus,</strong></span> <span class='ocrx_word' id='word_1_137' title='bbox 394 1615 509 1675; x_wconf 91' lang='lat' dir='ltr'><strong>miseria</strong></span> <span class='ocrx_word' id='word_1_138' title='bbox 525 1632 627 1674; x_wconf 89' lang='lat' dir='ltr'><strong>carere</strong></span> <span class='ocrx_word' id='word_1_139' title='bbox 642 1633 702 1674; x_wconf 92' lang='lat' dir='ltr'><strong>non</strong></span> <span class='ocrx_word' id='word_1_140' title='bbox 718 1630 885 1693; x_wconf 87' lang='lat' dir='ltr'><strong>possumus.</strong></span> 
     </span>
    </p>

    <p class='ocr_par' dir='ltr' id='par_1_11' title="bbox 108 1699 1232 1778">
     <span class='ocr_line' id='line_1_18' title="bbox 108 1699 1232 1778; baseline 0.002 -18"><span class='ocrx_word' id='word_1_141' title='bbox 108 1708 137 1760; x_wconf 76' lang='lat'><strong>28</strong></span> <span class='ocrx_word' id='word_1_142' title='bbox 244 1700 339 1777; x_wconf 78' lang='lat' dir='ltr'><strong>Atque</strong></span> <span class='ocrx_word' id='word_1_143' title='bbox 359 1700 417 1759; x_wconf 90' lang='lat' dir='ltr'><strong>boc</strong></span> <span class='ocrx_word' id='word_1_144' title='bbox 439 1700 555 1778; x_wconf 89' lang='lat' dir='ltr'><strong>quidem</strong></span> <span class='ocrx_word' id='word_1_145' title='bbox 573 1699 762 1778; x_wconf 86' lang='lat' dir='ltr'><strong>perspicuum</strong></span> <span class='ocrx_word' id='word_1_146' title='bbox 779 1707 838 1769; x_wconf 91' lang='lat' dir='ltr'><strong>est,</strong></span> <span class='ocrx_word' id='word_1_147' title='bbox 862 1707 925 1757; x_wconf 92' lang='lat' dir='ltr'><strong>tum</strong></span> <span class='ocrx_word' id='word_1_148' title='bbox 947 1699 1175 1777; x_wconf 87' lang='lat' dir='ltr'><strong>aegritudinem</strong></span> <span class='ocrx_word' id='word_1_149' title='bbox 1193 1718 1232 1761; x_wconf 88' lang='lat' dir='ltr'><strong>et·</strong></span> 
     </span>
    </p>
   </div>
   <div class='ocr_carea' id='block_1_3' title="bbox 160 1861 1239 3901">
    <p class='ocr_par' dir='ltr' id='par_1_12' title="bbox 160 1861 1239 3901">
     <span class='ocr_line' id='line_1_19' title="bbox 160 1861 1232 1931; baseline 0.002 -15"><span class='ocrx_word' id='word_1_150' title='bbox 160 1866 224 1917; x_wconf 87' lang='lat' dir='ltr'><strong>nach</strong></span> <span class='ocrx_word' id='word_1_151' title='bbox 243 1866 312 1917; x_wconf 89' lang='lat' dir='ltr'><strong>einer</strong></span> <span class='ocrx_word' id='word_1_152' title='bbox 330 1868 391 1929; x_wconf 84' lang='lat' dir='ltr'><strong>(von</strong></span> <span class='ocrx_word' id='word_1_153' title='bbox 409 1864 454 1916; x_wconf 88' lang='lat' dir='ltr'><strong>der</strong></span> <span class='ocrx_word' id='word_1_154' title='bbox 474 1864 671 1930; x_wconf 84' lang='lat' dir='ltr'><strong>gewdbnlicheu</strong></span> <span class='ocrx_word' id='word_1_155' title='bbox 722 1864 769 1915; x_wconf 89' lang='lat' dir='ltr'><strong>mit</strong></span> <span class='ocrx_word' id='word_1_156' title='bbox 782 1863 853 1915; x_wconf 89' lang='lat' dir='ltr'><strong>einer</strong></span> <span class='ocrx_word' id='word_1_157' title='bbox 865 1861 1035 1931; x_wconf 78' lang='lat' dir='ltr'><strong>Prt&#39;tposition</strong></span> <span class='ocrx_word' id='word_1_158' title='bbox 1049 1864 1098 1919; x_wconf 79' lang='lat' dir='ltr'><strong>bei</strong></span> <span class='ocrx_word' id='word_1_159' title='bbox 1112 1866 1165 1921; x_wconf 79' lang='lat' dir='ltr'><strong>cte</strong></span> <span class='ocrx_word' id='word_1_160' title='bbox 1179 1864 1232 1919; x_wconf 72' lang='lat' dir='ltr'><strong>nott</strong></span> 
     </span>
     <span class='ocr_line' id='line_1_20' title="bbox 160 1929 1232 2001; baseline 0.004 -18"><span class='ocrx_word' id='word_1_161' title='bbox 160 1933 371 1997; x_wconf 86' lang='lat' dir='ltr'><strong>abueicbenden)</strong></span> <span class='ocrx_word' id='word_1_162' title='bbox 390 1930 456 1997; x_wconf 85' lang='lat' dir='ltr'><strong>Ssge</strong></span> <span class='ocrx_word' id='word_1_163' title='bbox 475 1933 519 1983; x_wconf 87' lang='lat' dir='ltr'><strong>der</strong></span> <span class='ocrx_word' id='word_1_164' title='bbox 538 1932 582 1984; x_wconf 88' lang='lat' dir='ltr'><strong>der</strong></span> <span class='ocrx_word' id='word_1_165' title='bbox 598 1931 673 1984; x_wconf 88' lang='lat' dir='ltr'><strong>llerr·</strong></span> <span class='ocrx_word' id='word_1_166' title='bbox 724 1930 820 1991; x_wconf 87' lang='lat' dir='ltr'><strong>selteu,</strong></span> <span class='ocrx_word' id='word_1_167' title='bbox 845 1929 899 1982; x_wconf 88' lang='lat' dir='ltr'><strong>und</strong></span> <span class='ocrx_word' id='word_1_168' title='bbox 930 1946 1004 1983; x_wconf 75' lang='lat' dir='ltr'><strong>zuar</strong></span> <span class='ocrx_word' id='word_1_169' title='bbox 1030 1947 1075 1985; x_wconf 83' lang='lat' dir='ltr'><strong>am</strong></span> <span class='ocrx_word' id='word_1_170' title='bbox 1105 1934 1232 2001; x_wconf 73' lang='lat' dir='ltr'><strong>biuligdfl</strong></span> 
     </span>
     <span class='ocr_line' id='line_1_21' title="bbox 160 1998 1233 2068; baseline 0.006 -18"><span class='ocrx_word' id='word_1_171' title='bbox 160 2001 244 2051; x_wconf 83' lang='lat' dir='ltr'><strong>sebast</strong></span> <span class='ocrx_word' id='word_1_172' title='bbox 257 2000 352 2051; x_wconf 84' lang='lat' dir='ltr'><strong>luribn</strong></span> <span class='ocrx_word' id='word_1_173' title='bbox 368 1998 501 2065; x_wconf 84' lang='lat' dir='ltr'><strong>geltndplt.</strong></span> <span class='ocrx_word' id='word_1_174' title='bbox 537 1999 597 2051; x_wconf 88' lang='lat' dir='ltr'><strong>Sein</strong></span> <span class='ocrx_word' id='word_1_175' title='bbox 611 1999 674 2051; x_wconf 89' lang='lat' dir='ltr'><strong>Bru·</strong></span> <span class='ocrx_word' id='word_1_176' title='bbox 725 1999 772 2050; x_wconf 86' lang='lat' dir='ltr'><strong>mit</strong></span> <span class='ocrx_word' id='word_1_177' title='bbox 795 2000 838 2065; x_wconf 83' lang='lat' dir='ltr'><strong>de,</strong></span> <span class='ocrx_word' id='word_1_178' title='bbox 860 2014 912 2063; x_wconf 79' lang='lat' dir='ltr'><strong>pro</strong></span> <span class='ocrx_word' id='word_1_179' title='bbox 939 1999 995 2052; x_wconf 88' lang='lat' dir='ltr'><strong>und</strong></span> <span class='ocrx_word' id='word_1_180' title='bbox 1021 2008 1136 2068; x_wconf 72' lang='lat' dir='ltr'><strong>emm,</strong></span> <span class='ocrx_word' id='word_1_181' title='bbox 1161 2000 1233 2055; x_wconf 78' lang='lat' dir='ltr'><strong>nidttl</strong></span> 
     </span>
     <span class='ocr_line' id='line_1_22' title="bbox 161 2066 1232 2137; baseline 0.007 -20"><span class='ocrx_word' id='word_1_182' title='bbox 161 2067 205 2117; x_wconf 91' lang='lat' dir='ltr'><strong>der</strong></span> <span class='ocrx_word' id='word_1_183' title='bbox 223 2066 333 2118; x_wconf 89' lang='lat' dir='ltr'><strong>Perseus</strong></span> <span class='ocrx_word' id='word_1_184' title='bbox 351 2070 448 2117; x_wconf 83' lang='lat' dir='ltr'><strong>stdrzte</strong></span> <span class='ocrx_word' id='word_1_185' title='bbox 465 2067 517 2118; x_wconf 91' lang='lat' dir='ltr'><strong>ibn.</strong></span> <span class='ocrx_word' id='word_1_186' title='bbox 726 2067 814 2119; x_wconf 88' lang='lat' dir='ltr'><strong>diesen</strong></span> <span class='ocrx_word' id='word_1_187' title='bbox 838 2066 885 2117; x_wconf 85' lang='lat' dir='ltr'><strong>mil</strong></span> <span class='ocrx_word' id='word_1_188' title='bbox 909 2081 984 2129; x_wconf 76' lang='lat' dir='ltr'><strong>mear,</strong></span> <span class='ocrx_word' id='word_1_189' title='bbox 1004 2084 1042 2119; x_wconf 80' lang='lat' dir='ltr'><strong>aar</strong></span> <span class='ocrx_word' id='word_1_190' title='bbox 1071 2070 1130 2123; x_wconf 87' lang='lat' dir='ltr'><strong>und</strong></span> <span class='ocrx_word' id='word_1_191' title='bbox 1150 2074 1187 2137; x_wconf 74' lang='lat' dir='ltr'><strong>du,</strong></span> <span class='ocrx_word' id='word_1_192' title='bbox 1203 2082 1232 2121; x_wconf 84' lang='grc' dir='ltr'><strong>ΙΙ</strong></span> 
     </span>
     <span class='ocr_line' id='line_1_23' title="bbox 196 2128 1232 2205; baseline 0.008 -21"><span class='ocrx_word' id='word_1_193' title='bbox 196 2135 219 2185; x_wconf 86' lang='grc'><strong>3.</strong></span> <span class='ocrx_word' id='word_1_194' title='bbox 237 2136 413 2199; x_wconf 82' lang='lat' dir='ltr'><strong>imperare-</strong></span> <span class='ocrx_word' id='word_1_195' title='bbox 427 2128 676 2187; x_wconf 79' lang='lat' dir='ltr'><strong>lideris‘dberireie</strong></span> <span class='ocrx_word' id='word_1_196' title='bbox 727 2134 868 2186; x_wconf 82' lang='lat' dir='ltr'><strong>seltensten</strong></span> <span class='ocrx_word' id='word_1_197' title='bbox 894 2134 942 2185; x_wconf 87' lang='lat' dir='ltr'><strong>mit</strong></span> <span class='ocrx_word' id='word_1_198' title='bbox 966 2150 1034 2201; x_wconf 76' lang='lat' dir='ltr'><strong>per,</strong></span> <span class='ocrx_word' id='word_1_199' title='bbox 1061 2137 1117 2191; x_wconf 86' lang='lat' dir='ltr'><strong>den</strong></span> <span class='ocrx_word' id='word_1_200' title='bbox 1144 2138 1232 2205; x_wconf 69' lang='lat' dir='ltr'><strong>dbtitn</strong></span> 
     </span>
     <span class='ocr_line' id='line_1_24' title="bbox 161 2198 1233 2267; baseline 0.007 -17"><span class='ocrx_word' id='word_1_201' title='bbox 161 2198 318 2252; x_wconf 88' lang='lat' dir='ltr'><strong>blenscben’.</strong></span> <span class='ocrx_word' id='word_1_202' title='bbox 349 2200 510 2267; x_wconf 81' lang='lat' dir='ltr'><strong>Anspielung</strong></span> <span class='ocrx_word' id='word_1_203' title='bbox 527 2202 572 2254; x_wconf 84' lang='lat' dir='ltr'><strong>aul</strong></span> <span class='ocrx_word' id='word_1_204' title='bbox 586 2203 676 2255; x_wconf 76' lang='lat' dir='ltr'><strong>Gdsnrs</strong></span> <span class='ocrx_word' id='word_1_205' title='bbox 728 2201 905 2267; x_wconf 76' lang='lat' dir='ltr'><strong>zweisilbigen</strong></span> <span class='ocrx_word' id='word_1_206' title='bbox 922 2202 969 2253; x_wconf 81' lang='lat' dir='ltr'><strong>aul</strong></span> <span class='ocrx_word' id='word_1_207' title='bbox 986 2220 1005 2255; x_wconf 88' lang='lat' dir='ltr'><em>a</em></span> <span class='ocrx_word' id='word_1_208' title='bbox 1031 2204 1116 2259; x_wconf 80' lang='lat' dir='ltr'><strong>nebel</strong></span> <span class='ocrx_word' id='word_1_209' title='bbox 1142 2209 1233 2267; x_wconf 68' lang='lat' dir='ltr'><strong>edm</strong></span> 
     </span>
     <span class='ocr_line' id='line_1_25' title="bbox 162 2267 1131 2337; baseline 0.007 -17"><span class='ocrx_word' id='word_1_210' title='bbox 162 2267 270 2320; x_wconf 89' lang='lat' dir='ltr'><strong>Strcben</strong></span> <span class='ocrx_word' id='word_1_211' title='bbox 284 2268 348 2320; x_wconf 88' lang='lat' dir='ltr'><strong>nach</strong></span> <span class='ocrx_word' id='word_1_212' title='bbox 362 2270 592 2323; x_wconf 75' lang='lat' dir='ltr'><strong>unumscbranltter</strong></span> <span class='ocrx_word' id='word_1_213' title='bbox 603 2271 676 2322; x_wconf 85' lang='lat' dir='ltr'><strong>Herr-</strong></span> <span class='ocrx_word' id='word_1_214' title='bbox 724 2274 842 2337; x_wconf 80' lang='lat' dir='ltr'><strong>preater,</strong></span> <span class='ocrx_word' id='word_1_215' title='bbox 856 2274 966 2335; x_wconf 78' lang='lat' dir='ltr'><strong>propter</strong></span> <span class='ocrx_word' id='word_1_216' title='bbox 982 2270 1039 2323; x_wconf 88' lang='lat' dir='ltr'><strong>und</strong></span> <span class='ocrx_word' id='word_1_217' title='bbox 1056 2276 1131 2327; x_wconf 76' lang='lat' dir='ltr'><strong>eine.</strong></span> 
     </span>
     <span class='ocr_line' id='line_1_26' title="bbox 161 2334 1233 2410; baseline 0.004 -23"><span class='ocrx_word' id='word_1_218' title='bbox 161 2336 252 2388; x_wconf 87' lang='lat' dir='ltr'><strong>schalt.</strong></span> <span class='ocrx_word' id='word_1_219' title='bbox 288 2334 345 2403; x_wconf 88' lang='lat' dir='ltr'><strong>Vgl.</strong></span> <span class='ocrx_word' id='word_1_220' title='bbox 370 2337 435 2389; x_wconf 89' lang='lat' dir='ltr'><strong>auch</strong></span> <span class='ocrx_word' id='word_1_221' title='bbox 452 2354 483 2389; x_wconf 90' lang='lat' dir='ltr'><strong>zu</strong></span> <span class='ocrx_word' id='word_1_222' title='bbox 503 2340 532 2403; x_wconf 83' lang='lat'><strong>9,</strong></span> <span class='ocrx_word' id='word_1_223' title='bbox 552 2341 597 2391; x_wconf 88' lang='lat'><strong>19:</strong></span> <span class='ocrx_word' id='word_1_224' title='bbox 621 2342 677 2389; x_wconf 82' lang='lat' dir='ltr'><strong>iro·</strong></span> <span class='ocrx_word' id='word_1_225' title='bbox 762 2341 803 2390; x_wconf 90' lang='lat' dir='ltr'><strong>tl.</strong></span> <span class='ocrx_word' id='word_1_226' title='bbox 820 2336 852 2387; x_wconf 83' lang='lat' dir='ltr'><strong>id</strong></span> <span class='ocrx_word' id='word_1_227' title='bbox 861 2336 1006 2390; x_wconf 62' lang='grc' dir='ltr'><strong>εει-ἀπε</strong></span> <span class='ocrx_word' id='word_1_228' title='bbox 1022 2340 1082 2391; x_wconf 81' lang='lat' dir='ltr'><strong>will</strong></span> <span class='ocrx_word' id='word_1_229' title='bbox 1102 2336 1233 2410; x_wconf 72' lang='lat' dir='ltr'><strong>sugendo</strong></span> 
     </span>
     <span class='ocr_line' id='line_1_27' title="bbox 162 2403 1234 2475; baseline 0.007 -20"><span class='ocrx_word' id='word_1_230' title='bbox 162 2409 213 2455; x_wconf 74' lang='lat' dir='ltr'><strong>deo.</strong></span> <span class='ocrx_word' id='word_1_231' title='bbox 728 2404 806 2456; x_wconf 79' lang='lat' dir='ltr'><strong>Acad.</strong></span> <span class='ocrx_word' id='word_1_232' title='bbox 823 2403 841 2455; x_wconf 94' lang='lat' dir='ltr'><strong>l.</strong></span> <span class='ocrx_word' id='word_1_233' title='bbox 861 2406 885 2469; x_wconf 71' lang='lat'><strong>2,</strong></span> <span class='ocrx_word' id='word_1_234' title='bbox 897 2405 925 2457; x_wconf 84' lang='lat'><strong>6:</strong></span> <span class='ocrx_word' id='word_1_235' title='bbox 943 2410 969 2456; x_wconf 79' lang='lat' dir='ltr'><strong>st</strong></span> <span class='ocrx_word' id='word_1_236' title='bbox 981 2406 1154 2475; x_wconf 73' lang='lat' dir='ltr'><strong>Epicurum,</strong></span> <span class='ocrx_word' id='word_1_237' title='bbox 1164 2409 1234 2467; x_wconf 75' lang='lat' dir='ltr'><strong>a&#39;dttl</strong></span> 
     </span>
     <span class='ocr_line' id='line_1_28' title="bbox 195 2472 1130 2540; baseline 0.004 -17"><span class='ocrx_word' id='word_1_238' title='bbox 195 2473 351 2540; x_wconf 75' lang='lat' dir='ltr'><strong>Dionysius,</strong></span> <span class='ocrx_word' id='word_1_239' title='bbox 362 2473 532 2540; x_wconf 86' lang='lat' dir='ltr'><strong>derjdngere,</strong></span> <span class='ocrx_word' id='word_1_240' title='bbox 545 2474 589 2525; x_wconf 93' lang='lat' dir='ltr'><strong>der</strong></span> <span class='ocrx_word' id='word_1_241' title='bbox 598 2473 677 2525; x_wconf 89' lang='lat' dir='ltr'><strong>durcb</strong></span> <span class='ocrx_word' id='word_1_242' title='bbox 728 2476 753 2524; x_wconf 80' lang='grc' dir='ltr'><strong>η’</strong></span> <span class='ocrx_word' id='word_1_243' title='bbox 768 2472 1092 2538; x_wconf 63' lang='lat' dir='ltr'><strong>cannamomum</strong></span> <span class='ocrx_word' id='word_1_244' title='bbox 1121 2515 1130 2532; x_wconf 87' lang='lat'><strong>.</strong></span> 
     </span>
     <span class='ocr_line' id='line_1_29' title="bbox 161 2540 1235 2608; baseline 0.003 -16"><span class='ocrx_word' id='word_1_245' title='bbox 161 2540 295 2605; x_wconf 81' lang='lat' dir='ltr'><strong>Timoleon</strong></span> <span class='ocrx_word' id='word_1_246' title='bbox 304 2544 354 2594; x_wconf 79' lang='lat'><strong>343</strong></span> <span class='ocrx_word' id='word_1_247' title='bbox 365 2558 388 2593; x_wconf 86' lang='lat' dir='ltr'><strong>v.</strong></span> <span class='ocrx_word' id='word_1_248' title='bbox 396 2542 452 2593; x_wconf 86' lang='lat' dir='ltr'><strong>Clu.</strong></span> <span class='ocrx_word' id='word_1_249' title='bbox 462 2540 679 2608; x_wconf 85' lang='lat' dir='ltr'><strong>gestdrztwurde.</strong></span> <span class='ocrx_word' id='word_1_250' title='bbox 763 2543 873 2591; x_wconf 78' lang='lat' dir='ltr'><strong>miserie</strong></span> <span class='ocrx_word' id='word_1_251' title='bbox 882 2568 908 2577; x_wconf 90' lang='lat'><em>-</em></span> <span class='ocrx_word' id='word_1_252' title='bbox 917 2542 1098 2604; x_wconf 78' lang='lat' dir='ltr'><strong>omtfioina.</strong></span> <span class='ocrx_word' id='word_1_253' title='bbox 1109 2542 1235 2599; x_wconf 79' lang='lat' dir='ltr'><strong>limcbdet</strong></span> 
     </span>
     <span class='ocr_line' id='line_1_30' title="bbox 161 2606 1236 2679; baseline 0.007 -20"><span class='ocrx_word' id='word_1_254' title='bbox 161 2608 230 2673; x_wconf 80' lang='lat' dir='ltr'><strong>Uber</strong></span> <span class='ocrx_word' id='word_1_255' title='bbox 254 2610 360 2674; x_wconf 82' lang='lat' dir='ltr'><strong>quidem</strong></span> <span class='ocrx_word' id='word_1_256' title='bbox 382 2625 402 2660; x_wconf 90' lang='lat' dir='ltr'><strong>s.</strong></span> <span class='ocrx_word' id='word_1_257' title='bbox 424 2626 456 2660; x_wconf 85' lang='lat' dir='ltr'><strong>zu</strong></span> <span class='ocrx_word' id='word_1_258' title='bbox 473 2609 491 2660; x_wconf 94' lang='lat' dir='ltr'><strong>l.</strong></span> <span class='ocrx_word' id='word_1_259' title='bbox 515 2611 562 2669; x_wconf 79' lang='lat' dir='ltr'><strong>tt,</strong></span> <span class='ocrx_word' id='word_1_260' title='bbox 581 2611 621 2661; x_wconf 82' lang='lat'><strong>80.</strong></span> <span class='ocrx_word' id='word_1_261' title='bbox 645 2638 679 2646; x_wconf 91' lang='lat'><strong>—</strong></span> <span class='ocrx_word' id='word_1_262' title='bbox 730 2608 863 2660; x_wconf 87' lang='lat' dir='ltr'><strong>Gbiasmus</strong></span> <span class='ocrx_word' id='word_1_263' title='bbox 874 2606 940 2658; x_wconf 83' lang='lat' dir='ltr'><strong>wind</strong></span> <span class='ocrx_word' id='word_1_264' title='bbox 951 2607 999 2660; x_wconf 84' lang='lat' dir='ltr'><strong>der</strong></span> <span class='ocrx_word' id='word_1_265' title='bbox 1010 2608 1236 2679; x_wconf 74' lang='lat' dir='ltr'><strong>(iegeneatzditatt</strong></span> 
     </span>
     <span class='ocr_line' id='line_1_31' title="bbox 160 2673 1235 2747; baseline 0.009 -22"><span class='ocrx_word' id='word_1_266' title='bbox 160 2675 287 2741; x_wconf 88' lang='lat' dir='ltr'><strong>Ubrigens</strong></span> <span class='ocrx_word' id='word_1_267' title='bbox 304 2678 339 2727; x_wconf 81' lang='lat' dir='ltr'><strong>ist</strong></span> <span class='ocrx_word' id='word_1_268' title='bbox 357 2677 402 2728; x_wconf 91' lang='lat' dir='ltr'><strong>das</strong></span> <span class='ocrx_word' id='word_1_269' title='bbox 419 2676 490 2727; x_wconf 88' lang='lat' dir='ltr'><strong>Ende</strong></span> <span class='ocrx_word' id='word_1_270' title='bbox 503 2677 548 2729; x_wconf 89' lang='lat' dir='ltr'><strong>des</strong></span> <span class='ocrx_word' id='word_1_271' title='bbox 565 2676 682 2743; x_wconf 83' lang='lat' dir='ltr'><strong>Kapilels</strong></span> <span class='ocrx_word' id='word_1_272' title='bbox 731 2676 823 2728; x_wconf 89' lang='lat' dir='ltr'><strong>beiden</strong></span> <span class='ocrx_word' id='word_1_273' title='bbox 848 2673 984 2728; x_wconf 73' lang='lat' dir='ltr'><strong>Prittkute</strong></span> <span class='ocrx_word' id='word_1_274' title='bbox 1011 2678 1067 2742; x_wconf 83' lang='lat' dir='ltr'><strong>(dte</strong></span> <span class='ocrx_word' id='word_1_275' title='bbox 1087 2680 1235 2747; x_wconf 61' lang='grc' dir='ltr'><strong>διέσεως)</strong></span> 
     </span>
     <span class='ocr_line' id='line_1_32' title="bbox 161 2742 1132 2811; baseline 0.006 -21"><span class='ocrx_word' id='word_1_276' title='bbox 161 2757 214 2792; x_wconf 83' lang='lat' dir='ltr'><strong>von</strong></span> <span class='ocrx_word' id='word_1_277' title='bbox 226 2743 280 2793; x_wconf 89' lang='lat' dir='ltr'><strong>bier</strong></span> <span class='ocrx_word' id='word_1_278' title='bbox 297 2759 329 2793; x_wconf 88' lang='lat' dir='ltr'><strong>an</strong></span> <span class='ocrx_word' id='word_1_279' title='bbox 348 2759 394 2794; x_wconf 93' lang='lat' dir='ltr'><strong>nur</strong></span> <span class='ocrx_word' id='word_1_280' title='bbox 407 2745 463 2794; x_wconf 88' lang='lat' dir='ltr'><strong>eine</strong></span> <span class='ocrx_word' id='word_1_281' title='bbox 474 2742 630 2810; x_wconf 83' lang='lat' dir='ltr'><strong>Digression,</strong></span> <span class='ocrx_word' id='word_1_282' title='bbox 640 2744 682 2795; x_wconf 93' lang='lat' dir='ltr'><strong>die</strong></span> <span class='ocrx_word' id='word_1_283' title='bbox 730 2744 797 2796; x_wconf 91' lang='lat' dir='ltr'><strong>nocb</strong></span> <span class='ocrx_word' id='word_1_284' title='bbox 816 2742 886 2795; x_wconf 90' lang='lat' dir='ltr'><strong>mebr</strong></span> <span class='ocrx_word' id='word_1_285' title='bbox 904 2742 1132 2811; x_wconf 80' lang='lat' dir='ltr'><strong>hervorgeboben,</strong></span> 
     </span>
     <span class='ocr_line' id='line_1_33' title="bbox 162 2802 1235 2882; baseline 0.013 -25"><span class='ocrx_word' id='word_1_286' title='bbox 162 2808 218 2858; x_wconf 88' lang='lat' dir='ltr'><strong>sich</strong></span> <span class='ocrx_word' id='word_1_287' title='bbox 240 2824 271 2859; x_wconf 87' lang='lat' dir='ltr'><strong>an</strong></span> <span class='ocrx_word' id='word_1_288' title='bbox 295 2810 367 2874; x_wconf 83' lang='lat' dir='ltr'><strong>quod</strong></span> <span class='ocrx_word' id='word_1_289' title='bbox 386 2813 518 2875; x_wconf 81' lang='lat' dir='ltr'><strong>imperare</strong></span> <span class='ocrx_word' id='word_1_290' title='bbox 530 2829 584 2863; x_wconf 81' lang='lat' dir='ltr'><strong>reon</strong></span> <span class='ocrx_word' id='word_1_291' title='bbox 603 2812 683 2863; x_wconf 78' lang='lat' dir='ltr'><strong>liceat</strong></span> <span class='ocrx_word' id='word_1_292' title='bbox 767 2813 806 2865; x_wconf 83' lang='lat'><strong>12.</strong></span> <span class='ocrx_word' id='word_1_293' title='bbox 818 2802 993 2863; x_wconf 76' lang='lat' dir='ltr'><strong>uacet‘tutut</strong></span> <span class='ocrx_word' id='word_1_294' title='bbox 1004 2814 1056 2867; x_wconf 82' lang='lat' dir='ltr'><strong>mil</strong></span> <span class='ocrx_word' id='word_1_295' title='bbox 1067 2816 1235 2882; x_wconf 68' lang='lat' dir='ltr'><strong>steutstetett</strong></span> 
     </span>
     <span class='ocr_line' id='line_1_34' title="bbox 162 2870 1234 2937; baseline 0.004 -10"><span class='ocrx_word' id='word_1_296' title='bbox 162 2875 320 2927; x_wconf 85' lang='lat' dir='ltr'><strong>enscblielst.</strong></span> <span class='ocrx_word' id='word_1_297' title='bbox 731 2878 879 2931; x_wconf 85' lang='lat' dir='ltr'><strong>verbunden</strong></span> <span class='ocrx_word' id='word_1_298' title='bbox 891 2878 939 2930; x_wconf 87' lang='lat' dir='ltr'><strong>mit</strong></span> <span class='ocrx_word' id='word_1_299' title='bbox 956 2870 1008 2931; x_wconf 90' lang='lat'><strong>-‘.</strong></span> <span class='ocrx_word' id='word_1_300' title='bbox 1040 2881 1078 2935; x_wconf 91' lang='lat' dir='ltr'><strong>So</strong></span> <span class='ocrx_word' id='word_1_301' title='bbox 1095 2884 1130 2937; x_wconf 80' lang='lat' dir='ltr'><strong>ad</strong></span> <span class='ocrx_word' id='word_1_302' title='bbox 1148 2878 1234 2937; x_wconf 71' lang='lat' dir='ltr'><strong>iuml.</strong></span> 
     </span>
     <span class='ocr_line' id='line_1_35' title="bbox 198 2938 1236 3012; baseline 0.008 -18"><span class='ocrx_word' id='word_1_303' title='bbox 198 2945 222 2994; x_wconf 82' lang='lat'><strong>4.</strong></span> <span class='ocrx_word' id='word_1_304' title='bbox 240 2959 325 3008; x_wconf 80' lang='lat' dir='ltr'><strong>osque</strong></span> <span class='ocrx_word' id='word_1_305' title='bbox 343 2961 373 2994; x_wconf 82' lang='lat' dir='ltr'><strong>oo</strong></span> <span class='ocrx_word' id='word_1_306' title='bbox 391 2972 424 2981; x_wconf 91' lang='lat'>-</span> <span class='ocrx_word' id='word_1_307' title='bbox 442 2961 498 2995; x_wconf 81' lang='lat' dir='ltr'><strong>non</strong></span> <span class='ocrx_word' id='word_1_308' title='bbox 515 2938 554 2996; x_wconf 86' lang='lat' dir='ltr'><strong>‘so</strong></span> <span class='ocrx_word' id='word_1_309' title='bbox 572 2938 680 3012; x_wconf 85' lang='lat' dir='ltr'><strong>wenig&#39;;</strong></span> <span class='ocrx_word' id='word_1_310' title='bbox 733 2949 773 3009; x_wconf 81' lang='lat'><strong>12,</strong></span> <span class='ocrx_word' id='word_1_311' title='bbox 787 2947 890 2998; x_wconf 73' lang='lat' dir='ltr'><strong>sziri</strong></span> <span class='ocrx_word' id='word_1_312' title='bbox 900 2946 1236 3005; x_wconf 69' lang='lat' dir='ltr'><strong>woodmle’soamladfll</strong></span> 
     </span>
     <span class='ocr_line' id='line_1_36' title="bbox 162 3010 1235 3086; baseline 0.013 -26"><span class='ocrx_word' id='word_1_313' title='bbox 162 3010 216 3076; x_wconf 78' lang='lat' dir='ltr'><strong>ugl.</strong></span> <span class='ocrx_word' id='word_1_314' title='bbox 238 3010 266 3061; x_wconf 91' lang='lat' dir='ltr'><strong>ll.</strong></span> <span class='ocrx_word' id='word_1_315' title='bbox 291 3015 315 3077; x_wconf 83' lang='lat' dir='ltr'><strong>l,</strong></span> <span class='ocrx_word' id='word_1_316' title='bbox 341 3015 383 3064; x_wconf 81' lang='lat' dir='ltr'><strong>ll:</strong></span> <span class='ocrx_word' id='word_1_317' title='bbox 402 3028 481 3075; x_wconf 83' lang='lat' dir='ltr'><strong>quam</strong></span> <span class='ocrx_word' id='word_1_318' title='bbox 499 3028 554 3062; x_wconf 82' lang='lat' dir='ltr'><strong>non</strong></span> <span class='ocrx_word' id='word_1_319' title='bbox 571 3013 622 3064; x_wconf 93' lang='lat' dir='ltr'><strong>und</strong></span> <span class='ocrx_word' id='word_1_320' title='bbox 649 3029 681 3066; x_wconf 87' lang='lat' dir='ltr'><strong>zu</strong></span> <span class='ocrx_word' id='word_1_321' title='bbox 732 3015 1235 3086; x_wconf 70' lang='lat' dir='ltr'><strong>admirationon,eeepeetattom,lre</strong></span> 
     </span>
     <span class='ocr_line' id='line_1_37' title="bbox 163 3078 1234 3151; baseline 0.01 -23"><span class='ocrx_word' id='word_1_322' title='bbox 163 3078 191 3130; x_wconf 92' lang='lat' dir='ltr'><strong>ll.</strong></span> <span class='ocrx_word' id='word_1_323' title='bbox 215 3082 239 3143; x_wconf 82' lang='lat'><strong>5,</strong></span> <span class='ocrx_word' id='word_1_324' title='bbox 264 3081 307 3132; x_wconf 85' lang='lat'><strong>13:</strong></span> <span class='ocrx_word' id='word_1_325' title='bbox 330 3082 370 3130; x_wconf 82' lang='lat' dir='ltr'><strong>ito</strong></span> <span class='ocrx_word' id='word_1_326' title='bbox 392 3083 439 3130; x_wconf 80' lang='lat' dir='ltr'><strong>erl.</strong></span> <span class='ocrx_word' id='word_1_327' title='bbox 472 3078 534 3132; x_wconf 87' lang='lat' dir='ltr'><strong>Dals</strong></span> <span class='ocrx_word' id='word_1_328' title='bbox 558 3080 612 3132; x_wconf 88' lang='lat' dir='ltr'><strong>bier</strong></span> <span class='ocrx_word' id='word_1_329' title='bbox 635 3083 677 3133; x_wconf 89' lang='lat' dir='ltr'><strong>ein</strong></span> <span class='ocrx_word' id='word_1_330' title='bbox 729 3085 826 3147; x_wconf 81' lang='lat' dir='ltr'><strong>titiam,</strong></span> <span class='ocrx_word' id='word_1_331' title='bbox 839 3082 997 3147; x_wconf 79' lang='lat' dir='ltr'><strong>molestiam,</strong></span> <span class='ocrx_word' id='word_1_332' title='bbox 1014 3101 1102 3151; x_wconf 75' lang='lat' dir='ltr'><strong>spem,</strong></span> <span class='ocrx_word' id='word_1_333' title='bbox 1122 3094 1234 3149; x_wconf 70' lang='lat' dir='ltr'><strong>tim</strong></span> 
     </span>
     <span class='ocr_line' id='line_1_38' title="bbox 163 3146 1234 3225; baseline 0.014 -29"><span class='ocrx_word' id='word_1_334' title='bbox 163 3146 677 3213; x_wconf 84' lang='lat' dir='ltr'><strong>Beispielvonllerrscbsucbtangefdbrt</strong></span> <span class='ocrx_word' id='word_1_335' title='bbox 727 3149 779 3201; x_wconf 90' lang='lat' dir='ltr'><strong>und</strong></span> <span class='ocrx_word' id='word_1_336' title='bbox 800 3150 880 3214; x_wconf 78' lang='lat' dir='ltr'><strong>diter,</strong></span> <span class='ocrx_word' id='word_1_337' title='bbox 902 3166 948 3203; x_wconf 82' lang='lat' dir='ltr'><strong>aur</strong></span> <span class='ocrx_word' id='word_1_338' title='bbox 967 3150 1160 3225; x_wconf 77' lang='lat' dir='ltr'><strong>Bezeicbnung</strong></span> <span class='ocrx_word' id='word_1_339' title='bbox 1181 3156 1234 3209; x_wconf 64' lang='lat' dir='ltr'><strong>eit!</strong></span> 
     </span>
     <span class='ocr_line' id='line_1_39' title="bbox 163 3215 1235 3291; baseline 0.01 -27"><span class='ocrx_word' id='word_1_340' title='bbox 163 3215 268 3266; x_wconf 87' lang='lat' dir='ltr'><strong>werden</strong></span> <span class='ocrx_word' id='word_1_341' title='bbox 281 3215 366 3278; x_wconf 89' lang='lat' dir='ltr'><strong>sollte,</strong></span> <span class='ocrx_word' id='word_1_342' title='bbox 383 3215 446 3280; x_wconf 84' lang='lat' dir='ltr'><strong>geht</strong></span> <span class='ocrx_word' id='word_1_343' title='bbox 457 3216 537 3267; x_wconf 89' lang='lat' dir='ltr'><strong>sebon</strong></span> <span class='ocrx_word' id='word_1_344' title='bbox 554 3231 600 3267; x_wconf 85' lang='lat' dir='ltr'><strong>aus</strong></span> <span class='ocrx_word' id='word_1_345' title='bbox 619 3217 676 3268; x_wconf 85' lang='lat' dir='ltr'><strong>dem</strong></span> <span class='ocrx_word' id='word_1_346' title='bbox 728 3217 874 3269; x_wconf 89' lang='lat' dir='ltr'><strong>dauernden</strong></span> <span class='ocrx_word' id='word_1_347' title='bbox 886 3217 1039 3273; x_wconf 78' lang='lat' dir='ltr'><strong>Znstttndes.</strong></span> <span class='ocrx_word' id='word_1_348' title='bbox 1071 3221 1135 3291; x_wconf 76' lang='lat' dir='ltr'><strong>Vgl.</strong></span> <span class='ocrx_word' id='word_1_349' title='bbox 1152 3222 1235 3283; x_wconf 72' lang='grc' dir='ltr'><strong>ΙῊΙ,</strong></span> 
     </span>
     <span class='ocr_line' id='line_1_40' title="bbox 163 3282 768 3350; baseline 0.007 -17"><span class='ocrx_word' id='word_1_350' title='bbox 163 3282 676 3350; x_wconf 81' lang='lat' dir='ltr'><strong>ZusammenbangemitdemFolgenden</strong></span> <span class='ocrx_word' id='word_1_351' title='bbox 728 3288 768 3337; x_wconf 85' lang='lat' dir='ltr'><strong>l&#39;l.</strong></span> 
     </span>
     <span class='ocr_line' id='line_1_41' title="bbox 164 3351 1235 3417; baseline 0.007 -15"><span class='ocrx_word' id='word_1_352' title='bbox 164 3351 264 3403; x_wconf 84' lang='lat' dir='ltr'><strong>berver.</strong></span> <span class='ocrx_word' id='word_1_353' title='bbox 763 3357 802 3406; x_wconf 86' lang='grc'><strong>15.</strong></span> <span class='ocrx_word' id='word_1_354' title='bbox 819 3355 871 3417; x_wconf 80' lang='lat' dir='ltr'><strong>sio,</strong></span> <span class='ocrx_word' id='word_1_355' title='bbox 894 3357 933 3405; x_wconf 81' lang='lat' dir='ltr'><strong>ut.</strong></span> <span class='ocrx_word' id='word_1_356' title='bbox 958 3351 1145 3411; x_wconf 81' lang='lat' dir='ltr'><strong>Uolatelniseb</strong></span> <span class='ocrx_word' id='word_1_357' title='bbox 1162 3360 1197 3413; x_wconf 85' lang='lat' dir='ltr'><strong>iel</strong></span> <span class='ocrx_word' id='word_1_358' title='bbox 1208 3356 1235 3409; x_wconf 81' lang='lat' dir='ltr'><strong>sit</strong></span> 
     </span>
     <span class='ocr_line' id='line_1_42' title="bbox 199 3417 1235 3489; baseline 0.012 -19"><span class='ocrx_word' id='word_1_359' title='bbox 199 3421 223 3470; x_wconf 81' lang='lat'><strong>5.</strong></span> <span class='ocrx_word' id='word_1_360' title='bbox 244 3417 392 3482; x_wconf 80' lang='lat' dir='ltr'><strong>Tarquinio</strong></span> <span class='ocrx_word' id='word_1_361' title='bbox 410 3420 477 3483; x_wconf 81' lang='lat' dir='ltr'><strong>guid</strong></span> <span class='ocrx_word' id='word_1_362' title='bbox 487 3420 676 3484; x_wconf 78' lang='lat' dir='ltr'><strong>impudentius.</strong></span> <span class='ocrx_word' id='word_1_363' title='bbox 727 3419 788 3471; x_wconf 89' lang='lat' dir='ltr'><strong>oder</strong></span> <span class='ocrx_word' id='word_1_364' title='bbox 800 3423 840 3471; x_wconf 80' lang='lat' dir='ltr'><strong>ita</strong></span> <span class='ocrx_word' id='word_1_365' title='bbox 856 3426 889 3470; x_wconf 82' lang='lat' dir='ltr'><strong>ut</strong></span> <span class='ocrx_word' id='word_1_366' title='bbox 907 3420 1068 3475; x_wconf 83' lang='lat' dir='ltr'><strong>aurblolsen</strong></span> <span class='ocrx_word' id='word_1_367' title='bbox 1087 3423 1235 3489; x_wconf 71' lang='lat' dir='ltr'><strong>Etnttlruu</strong></span> 
     </span>
     <span class='ocr_line' id='line_1_43' title="bbox 164 3484 965 3554; baseline 0.006 -19"><span class='ocrx_word' id='word_1_368' title='bbox 164 3484 222 3551; x_wconf 87' lang='lat' dir='ltr'><strong>Vgl.</strong></span> <span class='ocrx_word' id='word_1_369' title='bbox 234 3485 252 3537; x_wconf 95' lang='lat' dir='ltr'><strong>l.</strong></span> <span class='ocrx_word' id='word_1_370' title='bbox 265 3488 289 3549; x_wconf 80' lang='lat'><strong>2,</strong></span> <span class='ocrx_word' id='word_1_371' title='bbox 308 3491 337 3538; x_wconf 84' lang='lat'><strong>5:</strong></span> <span class='ocrx_word' id='word_1_372' title='bbox 350 3488 421 3537; x_wconf 79' lang='lat' dir='ltr'><strong>nibil</strong></span> <span class='ocrx_word' id='word_1_373' title='bbox 430 3488 625 3539; x_wconf 73' lang='lat' dir='ltr'><strong>mathematicis</strong></span> <span class='ocrx_word' id='word_1_374' title='bbox 636 3489 678 3536; x_wconf 85' lang='lat' dir='ltr'><strong>in·</strong></span> <span class='ocrx_word' id='word_1_375' title='bbox 728 3486 774 3538; x_wconf 89' lang='lat' dir='ltr'><strong>des</strong></span> <span class='ocrx_word' id='word_1_376' title='bbox 792 3487 965 3554; x_wconf 80' lang='lat' dir='ltr'><strong>Folgesatzes.</strong></span> 
     </span>
     <span class='ocr_line' id='line_1_44' title="bbox 166 3552 1236 3627; baseline 0.007 -24"><span class='ocrx_word' id='word_1_377' title='bbox 166 3554 286 3607; x_wconf 77' lang='lat' dir='ltr'><strong>lmtra&#39;oe.</strong></span> <span class='ocrx_word' id='word_1_378' title='bbox 321 3554 371 3606; x_wconf 89' lang='lat' dir='ltr'><strong>Zur</strong></span> <span class='ocrx_word' id='word_1_379' title='bbox 388 3552 546 3606; x_wconf 72' lang='lat' dir='ltr'><strong>Sacbezbiv.</strong></span> <span class='ocrx_word' id='word_1_380' title='bbox 563 3553 591 3607; x_wconf 83' lang='lat' dir='ltr'><strong>ll.</strong></span> <span class='ocrx_word' id='word_1_381' title='bbox 610 3557 651 3607; x_wconf 74' lang='lat' dir='ltr'><strong>bt.</strong></span> <span class='ocrx_word' id='word_1_382' title='bbox 764 3556 804 3607; x_wconf 83' lang='lat' dir='ltr'><strong>to.</strong></span> <span class='ocrx_word' id='word_1_383' title='bbox 823 3558 933 3607; x_wconf 76' lang='lat' dir='ltr'><strong>miseria</strong></span> <span class='ocrx_word' id='word_1_384' title='bbox 951 3572 1055 3609; x_wconf 67' lang='lat' dir='ltr'><strong>carere</strong></span> <span class='ocrx_word' id='word_1_385' title='bbox 1093 3558 1157 3627; x_wconf 69' lang='lat' dir='ltr'><strong>Vgl.</strong></span> <span class='ocrx_word' id='word_1_386' title='bbox 1173 3558 1236 3621; x_wconf 76' lang='lat' dir='ltr'><strong>tot</strong></span> 
     </span>
     <span class='ocr_line' id='line_1_45' title="bbox 200 3620 1236 3689; baseline 0.007 -15"><span class='ocrx_word' id='word_1_387' title='bbox 200 3623 223 3674; x_wconf 88' lang='lat'><strong>8.</strong></span> <span class='ocrx_word' id='word_1_388' title='bbox 240 3626 322 3687; x_wconf 82' lang='lat' dir='ltr'><strong>inque</strong></span> <span class='ocrx_word' id='word_1_389' title='bbox 340 3638 378 3673; x_wconf 86' lang='lat' dir='ltr'><strong>oa.</strong></span> <span class='ocrx_word' id='word_1_390' title='bbox 408 3620 527 3687; x_wconf 77' lang='lat' dir='ltr'><strong>lldufiger</strong></span> <span class='ocrx_word' id='word_1_391' title='bbox 546 3622 608 3673; x_wconf 85' lang='lat' dir='ltr'><strong>wird</strong></span> <span class='ocrx_word' id='word_1_392' title='bbox 628 3638 679 3688; x_wconf 84' lang='lat' dir='ltr'><strong>que</strong></span> <span class='ocrx_word' id='word_1_393' title='bbox 729 3624 770 3675; x_wconf 87' lang='lat'><strong>88.</strong></span> <span class='ocrx_word' id='word_1_394' title='bbox 806 3622 907 3675; x_wconf 84' lang='lat' dir='ltr'><strong>Ebenso</strong></span> <span class='ocrx_word' id='word_1_395' title='bbox 925 3627 1127 3689; x_wconf 75' lang='lat' dir='ltr'><strong>unten18‚4l):</strong></span> <span class='ocrx_word' id='word_1_396' title='bbox 1145 3626 1236 3683; x_wconf 67' lang='lat' dir='ltr'><strong>duel</strong></span> 
     </span>
     <span class='ocr_line' id='line_1_46' title="bbox 165 3688 1238 3755; baseline 0.009 -17"><span class='ocrx_word' id='word_1_397' title='bbox 165 3702 199 3738; x_wconf 85' lang='lat' dir='ltr'><strong>an</strong></span> <span class='ocrx_word' id='word_1_398' title='bbox 222 3688 267 3740; x_wconf 87' lang='lat' dir='ltr'><strong>das</strong></span> <span class='ocrx_word' id='word_1_399' title='bbox 290 3705 342 3741; x_wconf 84' lang='lat' dir='ltr'><strong>von</strong></span> <span class='ocrx_word' id='word_1_400' title='bbox 366 3688 410 3741; x_wconf 90' lang='lat' dir='ltr'><strong>der</strong></span> <span class='ocrx_word' id='word_1_401' title='bbox 433 3688 508 3755; x_wconf 77' lang='lat' dir='ltr'><strong>Prip.</strong></span> <span class='ocrx_word' id='word_1_402' title='bbox 535 3690 678 3755; x_wconf 74' lang='lat' dir='ltr'><strong>abbdugige</strong></span> <span class='ocrx_word' id='word_1_403' title='bbox 730 3695 834 3750; x_wconf 71' lang='lat' dir='ltr'><strong>careat,</strong></span> <span class='ocrx_word' id='word_1_404' title='bbox 852 3690 903 3744; x_wconf 91' lang='lat' dir='ltr'><strong>und</strong></span> <span class='ocrx_word' id='word_1_405' title='bbox 922 3694 968 3746; x_wconf 79' lang='lat' dir='ltr'><strong>tt:</strong></span> <span class='ocrx_word' id='word_1_406' title='bbox 986 3696 1018 3743; x_wconf 79' lang='lat' dir='ltr'><strong>ul</strong></span> <span class='ocrx_word' id='word_1_407' title='bbox 1034 3694 1136 3747; x_wconf 77' lang='lat' dir='ltr'><strong>doloro</strong></span> <span class='ocrx_word' id='word_1_408' title='bbox 1154 3698 1238 3751; x_wconf 72' lang='lat' dir='ltr'><strong>enred.</strong></span> 
     </span>
     <span class='ocr_line' id='line_1_47' title="bbox 166 3752 1238 3829; baseline 0.011 -26"><span class='ocrx_word' id='word_1_409' title='bbox 166 3752 241 3805; x_wconf 80' lang='lat' dir='ltr'><strong>Wort</strong></span> <span class='ocrx_word' id='word_1_410' title='bbox 257 3757 378 3822; x_wconf 75' lang='lat' dir='ltr'><strong>gebingt,</strong></span> <span class='ocrx_word' id='word_1_411' title='bbox 392 3756 488 3820; x_wconf 79' lang='lat' dir='ltr'><strong>Jedocb</strong></span> <span class='ocrx_word' id='word_1_412' title='bbox 505 3757 539 3808; x_wconf 84' lang='lat' dir='ltr'><strong>ist</strong></span> <span class='ocrx_word' id='word_1_413' title='bbox 556 3757 620 3809; x_wconf 90' lang='lat' dir='ltr'><strong>anob</strong></span> <span class='ocrx_word' id='word_1_414' title='bbox 636 3757 678 3808; x_wconf 89' lang='lat' dir='ltr'><strong>die</strong></span> <span class='ocrx_word' id='word_1_415' title='bbox 764 3763 787 3812; x_wconf 81' lang='lat'><strong>5.</strong></span> <span class='ocrx_word' id='word_1_416' title='bbox 809 3760 898 3824; x_wconf 71' lang='lat' dir='ltr'><strong>Atque</strong></span> <span class='ocrx_word' id='word_1_417' title='bbox 913 3788 948 3797; x_wconf 93' lang='lat'>—</span> <span class='ocrx_word' id='word_1_418' title='bbox 965 3760 1091 3829; x_wconf 75' lang='lat' dir='ltr'><strong>quidam,</strong></span> <span class='ocrx_word' id='word_1_419' title='bbox 1113 3752 1174 3819; x_wconf 78' lang='lat' dir='ltr'><strong>[Ibe</strong></span> <span class='ocrx_word' id='word_1_420' title='bbox 1215 3776 1238 3828; x_wconf 69' lang='grc' dir='ltr'>η</span> 
     </span>
     <span class='ocr_line' id='line_1_48' title="bbox 165 3821 1239 3901; baseline 0.014 -28"><span class='ocrx_word' id='word_1_421' title='bbox 165 3821 345 3876; x_wconf 80' lang='lat' dir='ltr'><strong>unmitlelbare</strong></span> <span class='ocrx_word' id='word_1_422' title='bbox 361 3822 526 3890; x_wconf 88' lang='lat' dir='ltr'><strong>Verbindung</strong></span> <span class='ocrx_word' id='word_1_423' title='bbox 543 3823 679 3877; x_wconf 88' lang='lat' dir='ltr'><strong>desselben</strong></span> <span class='ocrx_word' id='word_1_424' title='bbox 729 3841 790 3877; x_wconf 84' lang='lat' dir='ltr'><strong>vom</strong></span> <span class='ocrx_word' id='word_1_425' title='bbox 812 3826 988 3893; x_wconf 79' lang='lat' dir='ltr'><strong>Allgemelnen</strong></span> <span class='ocrx_word' id='word_1_426' title='bbox 1011 3842 1075 3883; x_wconf 77' lang='lat' dir='ltr'><strong>zum</strong></span> <span class='ocrx_word' id='word_1_427' title='bbox 1097 3830 1178 3901; x_wconf 67' lang='grc' dir='ltr'><strong>θροεῖ</strong></span> <span class='ocrx_word' id='word_1_428' title='bbox 1210 3846 1239 3887; x_wconf 71' lang='grc' dir='ltr'><strong>οι</strong></span> 
     </span>
    </p>
   </div>
   <div class='ocr_carea' id='block_1_4' title="bbox 0 0 1295 4404">
    <p class='ocr_par' dir='ltr' id='par_1_13' title="bbox 0 0 1295 4404">
     <span class='ocr_line' id='line_1_49' title="bbox 0 0 1295 4404; baseline 0 0"><span class='ocrx_word' id='word_1_429' title='bbox 0 0 1295 4404; x_wconf 95' lang='lat' dir='ltr'><strong> </strong></span> 
     </span>
    </p>
   </div>
  </div>
 </body>
</html>
