2550 4410
134 281 194 339 148
515 280 609 333 uem
626 280 657 334 v.
675 282 717 348 31,
729 283 769 335 eo.
780 283 820 334 aa.

133 454 226 516 secuti
249 453 423 514 imbecillius
438 453 563 514 horrent
578 452 709 513 dolorem
727 461 755 512 ct
770 453 978 529 reformidant3
1002 455 1125 534 reliquis
1141 455 1210 533 qui-

133 540 199 600 dem
214 539 283 599 lieet
298 540 394 599 lacere
409 539 455 612 id,
472 539 550 617 quod
567 540 628 598 lere
643 537 765 610 iaciunt,
782 546 815 600 ut
830 539 999 618 gravitatem
1015 539 1209 618 dignitatem-

133 644 191 704 que
206 624 322 685 virtutis
338 632 524 704 exaggerent.
556 623 649 694 Quam
665 640 732 682 eum
748 623 783 682 ad
800 624 913 686 caelum
930 625 1109 698 extulerunt,
1126 625 1208 703 quod

132 711 229 770 lacere
245 710 418 788 eloquentes
432 710 567 770 homines
583 706 702 787 copiose
718 708 830 780 solent,
855 709 966 788 reliqua
984 727 1019 770 ex
1034 710 1209 771 conlatione

133 795 216 856 lacile
229 804 273 856 est
284 803 440 856 conterere
451 804 538 873 atque
551 801 752 854 contemnere.
775 795 835 855 Nec
848 795 927 854 enim
939 794 1008 855 licet
1020 795 1064 868 iis,
1080 795 1133 874 qui
1144 796 1210 856 lau·
1232 806 1246 855 5

133 881 198 941 dem
222 899 290 941 cum
313 880 414 940 dolore
443 879 600 960 petendam
617 897 680 939 esse
697 877 805 951 dicant,
823 898 931 959 negare
947 899 998 941 eos
1014 899 1077 941 esse
1093 881 1208 955 beatos,

133 966 183 1045 qui
200 965 276 1026 illam
294 966 388 1043 adepti
405 973 490 1038 sunt;
506 982 684 1043 quamquam
701 965 779 1024 enim
795 965 855 1026 sint
871 965 901 1025 in
919 965 1093 1044 quibusdam
1112 967 1207 1039 malis,

134 1058 231 1111 tamen
245 1052 301 1111 hoc
317 1069 426 1111 nomen
443 1050 520 1110 heati
536 1049 624 1129 longo
640 1057 669 1109 et
684 1049 741 1109 late
759 1058 847 1128 patet.

82 1130 117 1186 31
219 1137 292 1196 Nam
304 1143 338 1196 ut
353 1143 529 1214 quaestuosa
545 1144 719 1206 mercatura,
735 1136 887 1195 lructuosa
902 1135 993 1195 aratio
1010 1135 1128 1207 dicitur,
1146 1155 1208 1196 non

83 1211 112 1263 ⁸⁶
135 1221 158 1282 si
182 1221 271 1281 altera
291 1239 409 1300 semper
430 1220 510 1281 omni
533 1220 657 1293 damno,
679 1219 768 1280 altera
794 1219 875 1280 omni
890 1220 1073 1300 tempestatis
1088 1221 1211 1281 calami·
1234 1229 1260 1279 lt

134 1315 193 1366 tate
215 1324 331 1385 semper
351 1313 447 1376 vacat,
471 1305 520 1366 sed
538 1305 561 1366 si
587 1305 679 1365 multo
694 1304 805 1365 maiore
820 1324 854 1365 ex
871 1315 954 1384 parte
970 1314 1064 1366 exstat
1078 1305 1109 1365 in
1127 1313 1210 1366 utra-

135 1409 193 1468 que
208 1391 340 1463 felicitas,
356 1390 466 1450 sicvita
484 1410 543 1451 non
561 1390 655 1452 solum
672 1389 696 1451 si
712 1389 843 1468 undique
859 1391 966 1451 referta
983 1390 1070 1452 bonis
1085 1399 1139 1463 est,
1157 1391 1209 1452 sed

136 1476 159 1536 si
181 1475 275 1537 multo
296 1475 406 1536 maiore
429 1484 459 1536 et
481 1476 613 1554 graviore
638 1493 672 1535 ex
694 1483 777 1554 parte
799 1475 878 1535 hona
893 1475 1094 1555 propendent,
1123 1475 1211 1538 beata

83 1569 112 1620 8‘1
135 1569 215 1622 recte
237 1561 293 1621 dici
316 1567 421 1641 potest.
456 1561 603 1640 Sequetur
624 1560 715 1638 igitur
729 1560 836 1620 horum
851 1561 966 1621 ratione
982 1561 1027 1621 vel
1041 1561 1077 1621 ad
1093 1563 1212 1641 suppli-

135 1645 213 1706 cium
226 1645 310 1707 beata
324 1646 382 1706 vita
397 1646 534 1707 virtutem
550 1664 677 1724 cumque
693 1663 726 1705 ea
743 1645 902 1706 descendet
917 1646 946 1705 in
963 1652 1081 1706 taurum
1094 1646 1211 1708 Aristo·
1233 1655 1261 1704 15

135 1730 203 1805 tele,
218 1731 393 1806 Xenocrate,
407 1731 581 1812 Speusippo,
595 1731 754 1791 Polemone
767 1731 946 1804 auctoribus,
964 1749 1019 1790 nec
1032 1741 1095 1791 eam
1108 1732 1209 1805 minis,

135 1816 343 1878 blandimentis
371 1825 512 1896 corrupta
541 1816 664 1878 deseret.
709 1815 818 1876 Eadem
842 1814 1035 1894 Calliphontis
1057 1816 1114 1877 erit
1136 1817 1210 1878 Dio·

136 1901 259 1981 dorique
272 1901 430 1975 sententia,
446 1920 573 1981 quorum
588 1910 715 1979 uterque
730 1901 914 1961 honestatem
932 1901 973 1961 sic
990 1901 1210 1981 complectitur,

135 1995 168 2047 ut
182 1987 289 2061 omnia,
309 2005 384 2065 quae
399 1987 463 2048 sine
480 2006 513 2047 ea
529 1987 597 2060 sint,
613 1986 702 2066 longe
718 1994 797 2046 retro
813 1986 953 2065 ponenda
969 1995 1096 2048 censeat.
1127 1987 1211 2048 Reli-

136 2072 187 2149 qui
212 2071 322 2133 habere
348 2091 379 2133 se
404 2072 540 2132 videntur
566 2071 735 2150 angustius,
762 2079 883 2131 enatant
907 2079 1023 2144 tamen,
1049 2072 1209 2151 Epicurus,
1233 2080 1262 2130 20

135 2157 342 2237 Hieronymus,
358 2165 388 2217 et
402 2157 425 2218 si
442 2157 492 2235 qui
508 2166 592 2230 suut,
613 2156 664 2235 qui
686 2155 836 2216 desertum
852 2157 922 2217 illud
939 2156 1140 2217 Carneadeum
1156 2177 1210 2218 cu-

136 2251 203 2303 rent
223 2243 391 2302 defendere.
425 2242 518 2302 Nemo
539 2250 583 2303 est
598 2241 676 2301 enim
693 2259 806 2314 eorum,
824 2242 895 2320 quin
912 2241 1060 2302 honorum
1076 2243 1210 2304 animum

171 2392 194 2442 2.
214 2390 282 2455 lieet,
300 2391 365 2442 nach
384 2391 457 2442 ihren
474 2389 627 2458 Principien.
692 2391 909 2457 praeponderari
921 2394 1067 2452 honestate;
1087 2391 1155 2443 oben
1170 2396 1211 2457 l'l,

171 2461 194 2510 3.
213 2463 387 2524 coaggerant,
406 2459 455 2510 wie
475 2461 515 2522 18,
533 2461 573 2511 51.
698 2461 738 2510 51.

170 2530 195 2578 4.
217 2543 252 2577 en
274 2528 426 2579 conlatione
444 2519 491 2578 ‘im
512 2527 645 2594 Vergleieh
733 2530 772 2579 14.
795 2528 901 2577 doram:
929 2529 994 2578 nach
1020 2526 1077 2578 dern
1104 2526 1211 2595 System

136 2596 183 2646 mit
206 2595 251 2646 der
273 2593 380 2662 Tugend
398 2620 431 2639 =
449 2596 483 2647 im
502 2596 645 2662 Gegensatz
697 2595 742 2646 der
761 2593 949 2660 Peripatetiker
966 2594 1018 2647 und
1035 2594 1160 2647 Akadern.

136 2679 167 2715 zu
186 2655 248 2714 ihr’.
733 2665 772 2715 15.
796 2665 826 2712 in
849 2666 970 2728 tauream,
993 2679 1028 2715 sa.
1047 2664 1210 2715 Phalaridis.

172 2731 645 2797 5.conterere,gleichsammitllfilsen
697 2729 755 2796 vgl.
775 2732 817 2789 26,
835 2733 875 2782 75.

136 2802 227 2863 treton,
245 2800 278 2850 im
291 2799 434 2866 Gegensatz
447 2815 478 2851 zu
497 2801 533 2850 ad
544 2800 645 2851 caelum
733 2800 772 2850 16.
789 2797 953 2862 Xenocrate,
978 2798 1138 2866 Speusippo,
1162 2803 1211 2851 Po-

137 2868 239 2930 efferre.
700 2867 807 2918 lenone.
843 2865 919 2918 Diese
938 2866 991 2918 drei
1014 2867 1071 2918 sind
1096 2883 1146 2919 von
1166 2868 1212 2919 der

173 2936 196 2984 6.
215 2934 314 2997 dicant,
332 2934 402 2984 nicht
420 2935 526 3000 dieunt,
543 2935 604 2987 weil
621 2937 648 2986 in
699 2934 769 2986 alten
787 2933 935 2986 Akademie.
971 2933 1029 3000 Vgl.
1050 2939 1089 2998 10,
1107 2937 1149 2989 30.

138 3002 234 3053 diesem
252 3000 408 3053 Relativsatz
432 3002 476 3053 der
499 3003 585 3055 Grund
608 3004 648 3056 lfir
733 3006 858 3053 minis-
875 3007 1011 3069 corrupta,
1029 3004 1070 3054 ein
1090 3004 1210 3070 Zeugma,

137 3070 178 3121 die
196 3068 368 3135 Behauptung
390 3085 444 3120 nora
470 3071 530 3121 licet
550 3075 585 3122 iis
603 3088 647 3122 ne·
700 3069 730 3121 da
750 3076 878 3136 corrupta
895 3086 943 3121 uur
965 3087 998 3121 zu
1021 3073 1211 3123 blandimentis

136 3153 204 3204 gare
230 3136 361 3189 euthalteu
383 3137 432 3202 ist,
459 3139 579 3191 wahrend
603 3140 648 3191 der
698 3138 767 3205 palst
789 3139 851 3205 (vgl.
873 3137 906 3189 de
927 3137 971 3190 fin.
989 3139 1006 3191 l.
1027 3142 1070 3202 10,
1094 3142 1139 3192 33:
1164 3144 1212 3206 qai

137 3205 258 3273 folgende
267 3205 424 3257 Relativsatz
435 3205 481 3257 mit
493 3212 556 3257 arant
566 3207 648 3274 ledig-
699 3207 839 3258 blanditiis
846 3210 1032 3272 praesentiam
1042 3207 1212 3274 voluptatum

137 3275 189 3326 lieh
214 3290 258 3326 zur
282 3273 485 3339 Umsehreibung
507 3275 577 3326 eines
600 3275 648 3327 Be·
700 3275 809 3326 deleniti
827 3278 1122 3341 atqaeoorrupttcet.),
1141 3277 1212 3328 wilh-

140 3341 228 3410 grilles
245 3342 323 3394 dient.
699 3342 762 3395 rend
779 3358 811 3394 au
823 3345 904 3394 minio
917 3346 1016 3394 torreta
1028 3345 1134 3410 erginzt
1146 3359 1214 3396 wer-

173 3416 196 3464 'l.
207 3402 649 3477 quamquam—aint‘moghcher-
700 3410 749 3462 den
768 3411 842 3462 muts.
877 3410 904 3464 S.
923 3411 1064 3464 aulserdem
1082 3429 1115 3464 zu
1132 3412 1171 3464 111.
1189 3417 1214 3475 3,

139 3480 227 3544 weise,
245 3471 396 3533 vielleicht’.
701 3481 728 3531 6:
748 3482 849 3544 opibus,
867 3482 975 3532 atridae.

173 3550 197 3600 8.
226 3547 304 3612 longe
326 3551 353 3596 at
376 3546 428 3597 late
449 3551 536 3612 patet:
555 3538 649 3600 ‘findet
731 3549 1214 3614 19.retropoacnda=postponenda.

139 3616 196 3668 eine
216 3616 291 3667 weite
309 3609 500 3680 Anwendung’.
729 3609 1131 3682 20.laaderaseangaetias‘sich
1142 3619 1215 3669 mehr

174 3686 213 3736 13.
248 3684 414 3749 propendent
438 3675 646 3748 ‘dberwiegen'3
700 3684 726 3735 iu
749 3683 906 3750 Bedraingnis
930 3677 1076 3745 befinden';
1100 3691 1215 3737 enatant

139 3751 205 3803 deun
211 3752 431 3817 praeponderare
440 3751 538 3803 kommt
547 3751 588 3803 bei
597 3751 648 3804 Cic.
701 3778 735 3797 =
747 3757 898 3816 emergant:
913 3743 1011 3803 ‘hellen
1025 3753 1079 3804 sich
1099 3746 1214 3819 heraus’,

140 3820 206 3869 noch
224 3820 294 3871 nicht
311 3820 338 3871 in
361 3820 533 3871 intransitiver
550 3819 649 3871 Bedeu-
700 3826 773 3872 sonst
788 3819 859 3871 nicht
878 3820 990 3887 tropisch
1011 3821 1161 3886 gebraucht

140 3892 203 3952 tang
215 3903 268 3951 vor,
282 3887 352 3940 wohl
363 3889 424 3939 aher
436 3888 461 3938 iu
471 3888 582 3949 aktiver3
594 3888 647 3953 vgl.
734 3890 774 3940 21.
785 3889 924 3950 dantum,
935 3888 994 3940 weil
1002 3888 1158 3941 dieAusicht
1169 3889 1216 3941 des

140 3953 172 4005 de
190 3953 232 4007 oli.
250 3955 289 4007 111.
303 3959 329 4020 4,
344 3958 387 4008 re:
404 3972 489 4021 napae
506 3972 537 4009 ea
554 3958 649 4008 volort
697 3954 751 4008 dic.
769 3956 832 4007 iiber
849 3955 895 4007 das
912 3956 1020 4009 hdehste
1036 3956 1086 4008 Gut
1100 3959 1153 4022 (30,
1167 3960 1210 4023 84)

398 4049 401 4057 ¹
691 4037 758 4107 ΘΜ.
