2550 4410
381 192 476 246 crena
493 194 531 246 ur.
550 198 591 260 19,
601 197 641 247 rs.
651 195 693 246 lo.
715 193 813 281 poue.

60 367 148 428 Scitis
164 385 240 445 quae
255 374 427 443 sequantur,
444 374 474 425 et
488 367 536 426 illa
552 366 582 426 ln
598 364 717 444 primis:

266 451 394 529 Opiter,
411 455 550 529 operris,
566 468 582 510 c
599 447 713 511 Priami
733 450 843 520 domus,

263 534 400 615 Saeptum
415 535 539 596 dltisouo
555 535 671 596 cordine
686 532 832 613 templum,

268 618 332 681 Vidi
345 621 394 697 e'pc
408 629 444 688 te,
460 629 570 681 astante
584 638 634 698 cpe
650 619 808 688 barbarica,

12 716 24 767 l
264 703 352 766 Tectis
367 704 491 774 coeletis,
506 705 653 783 ldpuuotis,

260 790 349 860 Auru,
364 788 448 849 e'hore
463 793 634 850 instructum
648 787 769 867 regifice.

58 874 82 934 0
104 882 222 952 poetam
239 873 405 952 egregiuml
424 879 607 952 'quamquam
631 873 668 933 ah
684 871 730 932 his
745 870 918 932 cantoribus
933 870 1133 951 Euphorionis
1155 881 1187 932 lo

57 958 269 1018 contemnitur.
314 957 411 1019 Sentit
431 959 531 1019 omnia
552 957 708 1037 repentina
729 966 760 1017 et
782 956 959 1036 necopinata
983 975 1047 1017 esse
1068 975 1136 1036 gra·

13 1094 21 1113 ,
56 1043 146 1102 viora.
177 1042 368 1122 Exaggeratis
389 1043 479 1122 igitur
492 1043 582 1122 regiis
597 1042 719 1121 opihus,
745 1060 821 1119 quae
836 1041 1012 1102 videbantur
1026 1041 1136 1121 sempi-

12 1134 35 1191 lo
54 1136 158 1189 ternae
178 1129 252 1201 lore,
268 1126 338 1205 quid
353 1125 509 1206 adiungit?

261 1209 338 1272 Huce
354 1216 452 1273 omniu
466 1213 529 1273 uidi
540 1212 732 1289 inlldmmuri,

263 1294 381 1357 Pu'umd
396 1301 429 1357 vi
441 1301 533 1358 uitam
548 1299 665 1368 codari,

260 1379 338 1441 lovis
352 1385 436 1443 ciram
449 1385 590 1460 sauguine
604 1382 729 1460 turpari.

56 1465 246 1545 Praeclarum
269 1467 404 1526 carmenl
435 1466 488 1527 Est
503 1466 582 1526 enim
604 1475 635 1526 et
649 1463 741 1525 rebus
763 1472 792 1524 et
806 1463 903 1524 verhis
924 1475 954 1526 et
973 1465 1070 1526 modis
1090 1464 1136 1524 lu·
1158 1477 1191 1537 lc

12 1549 162 1629 leguhre.
191 1549 360 1628 Eripiamus
374 1550 443 1612 huic
466 1550 691 1630 aegritudinem.
721 1547 915 1618 Quomodo?
945 1552 1136 1611 conlocemus

57 1635 87 1696 in
105 1633 212 1695 culcita
234 1635 368 1713 plumea,
390 1637 543 1714 psaltriam
563 1636 759 1706 adducamus,
780 1633 923 1711 hedychri
944 1635 1138 1697 incendamus

57 1719 225 1791 scutellam,
255 1719 418 1781 dulciculae
439 1720 571 1799 potionis
592 1717 701 1796 aliquid
723 1716 872 1777 videamus
901 1727 931 1778 et
951 1720 1018 1779 cibi.
1057 1718 1138 1778 llaec

57 1804 176 1865 tandem
193 1804 272 1863 hona
287 1814 372 1877 sunt,
395 1805 503 1883 quihus
517 1803 717 1884 aegritudines
732 1801 919 1881 gravissimae
933 1803 1136 1865 detrahantur.

57 1889 104 1948 Tu
120 1889 199 1948 enim
215 1889 303 1966 paulo
324 1898 392 1950 ante
414 1908 452 1951 ne
473 1889 646 1968 intellegere
669 1885 786 1965 quidem
809 1896 838 1947 te
859 1887 914 1947 aha
935 1888 993 1948 ulla
1009 1888 1136 1949 dicebas.

12 1986 35 2039 n
57 1973 200 2034 Revocari
221 1973 311 2051 igitur
333 1985 471 2052 oportere
493 1994 509 2034 a
530 1991 664 2034 maerore
693 1972 729 2032 ad
751 1971 961 2051 cogitationem
988 1972 1136 2033 honorum

59 2058 234 2137 conveniret
253 2058 324 2118 mihi
340 2077 408 2119 cum
421 2059 568 2139 Epicuro,
590 2057 699 2136 siquid
722 2068 800 2118 esset
821 2057 933 2117 honum
950 2059 1133 2120 conveniret.

145 2142 228 2203 Dicet
243 2143 361 2220 ahquis:
393 2144 470 2214 Quid
485 2141 578 2223 ergo?
604 2150 636 2203 tu
651 2141 814 2221 Epicurum
839 2142 986 2203 existimas
1007 2143 1061 2205 ista
1083 2164 1133 2206 vo·
1151 2146 1192 2201 20

57 2227 148 2288 luisse
170 2234 221 2287 aut
242 2226 413 2289 libidinosas
428 2228 492 2290 eius
507 2229 598 2289 luisse
621 2224 806 2288 sententias?
835 2225 900 2305 Ego
915 2246 984 2288 vero
999 2229 1120 2291 minime
1127 2250 1136 2306 ;

93 2363 119 2413 2.
139 2359 247 2425 Oputer
261 2366 319 2425 cet,
336 2362 418 2426 Anap.
436 2361 496 2412 dim.
522 2360 572 2412 ller
623 2358 702 2409 divin.
720 2357 749 2408 ll.
768 2360 809 2422 64,
830 2361 890 2411 132:
908 2363 988 2411 nimis
999 2363 1137 2416 obscurus.

56 2427 138 2479 Vnter
150 2426 196 2479 der
207 2428 383 2480 Andromache
401 2443 454 2479 war
471 2427 571 2492 Eetion,
623 2425 710 2476 Cicero
723 2425 811 2476 urteilt
823 2426 886 2477 dher
894 2425 936 2477 die
949 2429 1068 2493 spitercn
1080 2431 1137 2495 gri·

57 2495 143 2560 Ilduig
175 2511 226 2547 von
265 2494 371 2547 Theben
408 2497 434 2547 in
466 2496 571 2547 Cilicien
623 2492 781 2545 eisierenden
799 2492 903 2545 Dichter
926 2494 1070 2562 uberhaupt
1092 2513 1137 2549 un·

58 2562 142 2626 tllom.
155 2562 183 2615 ll.
196 2562 236 2615 Vl.
255 2566 306 2616 414
317 2563 372 2630 la),
392 2563 484 2616 dassen
497 2562 572 2615 Stadl
622 2560 734 2626 guastig.

57 2629 174 2682 Achilles
199 2635 332 2684 zerstdrte.
366 2620 492 2697 [inrigans
518 2630 571 2696 vgl.
662 2630 687 2681 9.
720 2629 902 2692 coaggeratis,
924 2627 978 2679 hier
1003 2652 1038 2672 =
1056 2647 1138 2696 prue-

57 2698 76 2753 Ι.
93 2699 136 2762 35,
155 2699 196 2750 85.
622 2695 728 2760 dicam,
745 2694 832 2747 elutis.

99 2767 124 2818 3.
142 2762 269 2832 Saeptum
282 2794 313 2804 -
332 2767 466 2831 templum,
486 2768 573 2831 lippo·
659 2766 699 2816 ll.
717 2762 789 2812 Haec
801 2766 892 2815 onmia
904 2766 962 2828 eet,
980 2780 1001 2817 s.
1014 2765 1031 2818 l.
1042 2768 1134 2831 35,85.

58 2834 137 2886 sitien
156 2848 186 2884 uu
205 2834 311 2896 domun
330 2834 445 2886 altisono
462 2833 573 2884 cardine
659 2834 699 2883 15.
716 2832 787 2896 huie,
805 2831 882 2883 niml.
894 2832 940 2884 der
949 2832 1136 2889 Andromache.

58 2901 100 2953 liu
107 2905 191 2967 portu
204 2902 272 2968 (pars
282 2918 309 2985 p.
322 2906 397 2968 toto).
422 2900 480 2967 Vgl.
498 2900 572 2951 llom.
658 2899 699 2950 16.
708 2898 847 2966 hedychri:
860 2900 902 2952 cin
915 2899 967 2954 hes.
980 2901 1006 2952 ln
1019 2901 1072 2956 llos
1092 2904 1137 2956 he-

59 2968 106 3022 0d.
125 2968 167 3020 Ν.
185 2972 231 3021 72:
250 2964 366 3034 δωματα
383 2965 505 3035 ἠχήεντα.
624 2967 729 3020 relictas
746 2966 942 3021 niualerwerlr
978 2969 1092 3023 llioseor.
1117 2971 1135 3025 1.

94 3037 119 3088 4.
137 3039 281 3088 barbarica
303 3039 372 3100 (vom
394 3035 574 3154 Standpunlrte
625 3037 673 3087 61:
699 3038 744 3086 καὶ
767 3031 801 3086 τὸ
826 3032 994 3103 καλούμενον
1020 3033 1051 3088 δι’
1073 3034 1136 3102 ἡδύ-

59 3104 469 3169 desrdmisehenlliehtersl=
497 3106 575 3154 ruico
617 3110 719 3168 'greum
749 3099 947 3170 σκεναζόμενον
968 3100 999 3155 δὲ
1022 3106 1053 3157 ir
1076 3105 1139 3170 Κῷ,

60 3173 102 3224 od.
121 3173 250 3240 Phrygia.
627 3169 675 3236 τῆς
692 3168 773 3236 αὐτῆς
784 3173 874 3236 ἔχεται
887 3166 1027 3238 δυνάμεώς
1042 3190 1073 3224 τε
1090 3176 1136 3223 καὶ

95 3241 120 3291 6.
142 3241 261 3305 regifice,
289 3240 339 3291 wie
356 3239 374 3292 l.
393 3241 435 3306 28,
453 3243 497 3294 69:
524 3241 577 3291 lae·
628 3242 770 3290 σκευασίας
786 3239 826 3304 τῷ
846 3231 1020 3305 ἀμαρακίνῳ,
1040 3233 1137 3290 εὐωδέ-

61 3308 160 3370 iifictts.
628 3322 726 3375 στερον
747 3301 778 3356 δὲ
797 3301 931 3376 τυγχάνει.

98 3378 121 3427 7.
148 3376 191 3425 itis
216 3377 372 3426 cantoribus
392 3376 578 3441 Euphorionis
665 3378 704 3427 lt.
727 3374 864 3425 uideamus
891 3396 925 3416 =
939 3388 994 3439 pro

56 3435 121 3494 ‘den
139 3442 255 3508 jetzigen
279 3440 444 3496 Naehhelern
467 3443 513 3494 des
532 3437 579 3496 Εἰ.
630 3439 665 3493 So
682 3440 716 3492 ud
730 3442 784 3492 Att.
807 3440 836 3493 V.
855 3444 878 3507 l,
896 3442 924 3493 3:
941 3444 975 3491 ui

62 3511 91 3561 E.
109 3525 156 3562 aus
174 3510 283 3576 Chalcis,
296 3509 472 3563 Bibliothelsar
488 3511 579 3561 Aulio·
628 3511 706 3560 nodie
723 3509 830 3559 uideret

62 3579 128 3630 chus
138 3577 184 3630 des
196 3577 312 3642 Grolsen,
330 3578 436 3644 gehc'ute
448 3579 488 3630 als
499 3576 574 3629 [tich-
662 3578 700 3629 19.
712 3592 746 3626 ne
756 3575 912 3640 intellegere
920 3572 982 3641 quid

62 3650 102 3697 ter
129 3661 173 3698 zur
203 3646 439 3698 alexandrinischen
464 3645 573 3698 Sehnle:
627 3642 813 3709 Worlstellung
830 3642 883 3709 vgl.
901 3645 917 3707 5
935 3644 982 3696 lt:

62 3713 192 3833 pulchrior
203 3714 254 3765 und
268 3713 382 3779 weniger
397 3713 523 3765 naldrlieh
536 3713 575 3765 als
627 3713 685 3761 euri
702 3711 809 3777 quidone
825 3727 860 3763 se.

80 3781 105 3832 ie
117 3781 302 3834 ilternRomer
313 3780 401 3845 (daher
412 3782 498 3849 sphler
509 3780 575 3832 anch
661 3780 702 3831 22.
725 3778 804 3828 Dicet
827 3779 937 3840 alionis,
963 3790 998 3829 mu

64 3849 110 3901 des
133 3846 252 3902 Tiberius
269 3848 520 3916 Liehlingsdlehter);
543 3848 575 3900 de
626 3860 692 3913 rung
709 3845 750 3899 eu
902 3845 1006 3897 *Einm
