2550 4410
456 186 551 240 nens
569 187 608 241 m.
627 191 650 252 a,
661 191 685 241 1.
702 192 727 254 4,
738 191 762 243 1.
1120 191 1138 250 7

60 359 234 420 Tusculano
247 367 332 421 erant
342 360 497 438 disputata.
529 360 587 421 Sed
600 361 738 440 qnoniam
753 361 870 422 duobus
885 362 1090 441 superioribus
1105 365 1141 426 de

62 455 162 506 morte
177 445 257 506 etde
272 446 375 506 dolore
390 445 501 506 dictum
518 455 571 517 est,
588 446 692 508 tertius
708 446 769 507 dies
784 447 992 525 disputationis
1008 449 1063 510 boc
1079 458 1140 510 ter·

63 530 139 593 tium
160 531 297 593 volumen
320 531 438 591 efficiet.
468 531 507 592 Ut
522 531 601 592 enim
617 531 648 591 in
664 532 850 592 Academiam
866 541 999 593 nostram
1015 534 1141 596 descen·
1164 549 1179 597 1

63 616 310 677 dimusinclinato
318 616 375 677 iam
383 616 413 676 in
426 617 690 696 postmeridianum
703 627 819 696 tempus
831 616 887 690 die,
900 619 1025 698 poposci
1037 638 1140 680 eorum

19 713 39 765 ὅ
63 701 209 780 aliquem,
232 701 285 779 qui
299 702 434 775 aderant,
459 720 575 762 causam
592 701 765 763 disserendi.
796 702 870 763 Tum
887 721 935 764 res
950 713 1014 764 acta
1029 704 1072 765 sic
1088 715 1140 766 est.
1236 776 1241 781 ,

151 786 184 847 Α.
209 786 330 847 Videtur
351 786 422 846 mibi
443 787 548 847 eadere
570 786 601 847 in
624 787 787 866 sapientem
805 788 969 866 aegritudo.
1001 788 1041 850 M.
1064 789 1141 850 Num
1159 796 1180 852 4

62 871 197 949 reliquae
212 889 332 950 quoque
348 871 589 950 perturbationes
604 873 705 945 animi,
721 872 903 946 formidines,
920 873 1068 947 libidines,
1084 875 1142 936 ira-

62 954 212 1018 cundiae‘l
224 957 304 1018 llaec
316 957 542 1018 enimleresunt
553 958 716 1030 eiusmodi,
729 977 803 1036 quae
813 957 917 1018 Graeci
929 955 1028 1041 πάθη
1041 960 1142 1039 appel-

63 1041 143 1103 lant:
160 1060 215 1121 ego
228 1050 361 1121 poteram
372 1043 495 1114 morbos,
512 1052 540 1102 et
552 1042 581 1102 id
592 1043 715 1103 verbum
727 1052 806 1104 esset
817 1064 834 1102 e
846 1043 945 1116 verbo,
958 1044 1008 1105 sed
1021 1045 1051 1105 in
1068 1063 1143 1106 con·

14 1140 38 1192 t)
62 1128 250 1190 suetudinem
268 1138 399 1188 nostram
413 1146 474 1188 non
492 1129 618 1189 caderet.
646 1128 717 1188 Nam
730 1128 864 1189 misereri
876 1129 1017 1202 invidere,
1032 1130 1142 1209 gestire

62 1212 175 1285 laetari,
192 1213 264 1273 baec
279 1213 379 1273 omnia
393 1213 508 1274 morbos
520 1212 624 1274 Graeci
640 1213 798 1292 appellant,
815 1222 913 1275 motus
928 1214 1018 1274 animi
1033 1215 1142 1276 rationi

63 1316 127 1358 non
140 1297 389 1376 obtemperantis;
406 1317 460 1359 nos
475 1307 573 1359 autem
587 1299 641 1359 hos
653 1299 770 1359 cosdem
784 1307 882 1360 motus
897 1300 1037 1360 concitati
1052 1300 1143 1360 animi

62 1391 155 1455 recte,
168 1392 201 1443 ut
213 1382 330 1461 opinor,
339 1384 569 1464 perturbationes
580 1383 750 1457 dixerimus,
761 1384 875 1445 morbos
886 1392 985 1445 autem
998 1405 1059 1446 non
1072 1385 1143 1447 satis

63 1467 181 1541 usitate,
199 1467 255 1528 nisi
271 1467 341 1546 quid
356 1468 435 1529 aliud
450 1467 503 1528 tibi
520 1468 644 1529 videtur.
674 1469 707 1529 A.
724 1468 795 1528 Mihi
813 1487 882 1529 vero
899 1469 955 1530 isto
971 1471 1069 1532 modo.
1100 1470 1141 1532 M.
1164 1481 1180 1531 8

14 1564 39 1616 ,5
63 1553 195 1614 Haecine
207 1552 301 1630 ‘igitur
316 1554 421 1614 cadere
442 1553 474 1613 in
494 1554 658 1633 sapientem
674 1551 783 1632 putas?
806 1552 837 1613 A.
855 1553 982 1616 Prorsus
997 1555 1143 1618 existimo.

63 1637 156 1699 mue
168 1639 221 1700 ista
233 1638 361 1716 gloriosa
373 1638 517 1717 sapientia
534 1657 595 1698 non
612 1657 719 1717 magno
731 1638 911 1699 aestimanda
923 1650 976 1711 est,
989 1641 1012 1701 si
1023 1641 1142 1719 quidem

63 1741 127 1784 non
150 1723 274 1784 multum
298 1723 397 1785 differt
418 1724 453 1784 ab
478 1723 601 1786 insania.
638 1724 669 1784 Α.
694 1721 794 1794 Quid‘l
817 1722 870 1783 tibi
893 1724 1030 1785 omnisne
1051 1725 1142 1785 animi

61 1809 224 1870 commotio
248 1808 363 1869 videtur
381 1807 517 1870 insania‘l
547 1809 587 1869 M.
603 1808 670 1869 Non
691 1808 763 1868 mibi
787 1807 905 1887 quidem
928 1808 999 1882 soli,
1022 1810 1088 1880 sed,
1114 1809 1142 1870 id

63 1893 144 1972 quod
155 1893 294 1954 admirari
304 1913 392 1973 saepe
404 1895 494 1970 soleo,
507 1893 669 1954 maioribus
682 1911 801 1972 quoque
809 1893 920 1954 nostris
928 1894 984 1954 boc
996 1894 1035 1954 ita
1046 1894 1141 1955 visum

14 1993 36 2044 t)
61 1979 204 2058 intellego
220 1979 320 2041 multis
335 1980 461 2041 saeculis
476 1987 545 2041 ante
561 1979 729 2053 Socratem,
745 1998 761 2040 a
777 1997 837 2058 quo
852 1979 924 2040 haee
941 1979 1047 2052 omnis,
1065 1998 1140 2058 quae

102 2165 127 2215 3.
151 2165 182 2213 in
210 2164 383 2214 Academiam
398 2191 430 2202 -
445 2164 579 2217 1111111111·-
664 2166 800 2215 verbnme
816 2156 990 2215 nerbo‘Worl
1008 2162 1047 2215 liar
1061 2162 1144 2227 Wort,

58 2247 130 2295 mus,
148 2245 168 2282 s.
188 2246 219 2282 zu
237 2232 266 2282 ll.
284 2234 307 2294 3,
327 2234 351 2283 9.
631 2223 759 2298 portlicb’
784 2257 819 2276 =
839 2230 876 2281 ad
898 2234 1006 2282 verbnm
1032 2234 1077 2298 19,
1102 2236 1142 2285 44.

100 2302 123 2351 5.
137 2314 246 2350 eausam
258 2292 467 2351 disserendi‘ein
479 2299 577 2353 Thema
630 2299 755 2366 Ubrigens
772 2299 807 2350 ist
819 2298 870 2350 Cic.
884 2300 980 2351 wieder
997 2301 1032 2351 im
1044 2298 1143 2365 lrrtum,

59 2383 122 2420 zum
134 2360 316 2433 Disputieren‘,
332 2367 381 2418 wie
393 2369 410 2420 1.
425 2369 465 2433 12,
478 2370 525 2428 26;
544 2368 576 2422 de
629 2369 679 2421 wie
691 2368 719 2420 lt.
735 2370 774 2427 15,
788 2368 819 2418 35
833 2366 880 2417 mit
892 2363 975 2418 advos
989 2367 1041 2419 und
1054 2367 1142 2427 labam

60 2452 99 2488 or.
118 2434 146 2486 11.
164 2437 211 2500 36,
236 2438 297 2488 1531
319 2438 434 2487 istorum
457 2439 577 2488 omnium
629 2435 696 2487 denn
720 2429 812 2487 reddor
835 2434 869 2485 ist
890 2435 931 2485 ein
955 2435 1073 2486 welterer
1095 2433 1144 2488 Be·

57 2505 213 2555 snmmatim
226 2519 321 2555 cernas
333 2541 339 2554 .
350 2506 483 2569 .grestam'.
510 2505 576 2557 llan-
628 2503 690 2570 griis
703 2502 741 2554 als
758 2504 868 2552 morbae
883 2499 989 2566 (νόσος).

59 2571 128 2637 liger
145 2571 295 2623 beeeicbuet
313 2587 394 2623 cama
411 2573 485 2624 einen
504 2574 577 2625 strei-
663 2570 894 2632 comnelndinem,
913 2568 1097 2634 vollstdndiger
1117 2572 1141 2634 5,

58 2641 134 2704 tigeri
147 2638 295 2703 lleeblslall,
309 2640 359 2691 wie
371 2639 403 2691 de
416 2656 451 2692 or.
465 2640 482 2693 1.
496 2643 520 2705 5,
532 2643 576 2695 lb:
631 2642 669 2693 10:
681 2653 771 2690 conen.
780 2639 918 2701 sermonis,
928 2640 985 2701 ml,
997 2639 1040 2689 14:
1051 2652 1141 2689 conen.

57 2707 172 2769 infinita
191 2723 334 2759 cansarum
351 2711 490 2760 varietate.
629 2707 762 2773 loquendi.

103 2779 127 2827 ¹1.
154 2774 315 2836 formidines
343 2778 391 2828 cet.
437 2775 576 2842 Ungenaue
664 2778 703 2828 12.
722 2775 928 2840 obtemperantis
945 2773 979 2825 ist
996 2774 1056 2825 dcc.
1074 2771 1144 2826 Plur.

59 2842 238 2910 Aulziablung,
263 2844 312 2896 wie
331 2846 409 2895 unten
428 2848 451 2907 5,
472 2848 515 2906 113
534 2844 576 2896 die
665 2846 704 2896 14.
717 2840 1014 2893 nisi-videtur=ll.
1035 2843 1075 2906 18,
1093 2843 1141 2893 421

59 2926 189 2979 genauere
210 2911 355 2977 Einteilung
374 2912 424 2964 und
442 2911 576 2966 Unterein-
628 2915 682 2963 nisi
699 2911 766 2976 qaid
784 2913 822 2961 on
840 2911 965 2963 adhaec.
993 2897 1062 2961 [lber
1078 2926 1142 2962 vero

59 2979 161 3045 teilung
186 2979 230 3031 der
249 2982 466 3046 perturbationes
488 2995 509 3033 s.
534 2980 575 3032 tv.
629 2996 649 3032 s,
668 2996 689 3032 z.
707 2980 724 3032 1.
745 2982 785 3043 11,
804 2981 844 3032 25.

59 3052 86 3113 ’1,
107 3050 146 3101 16.
665 3051 703 3101 15.
722 3050 839 3109 haecine,
859 3046 929 3097 nicht
941 3047 1074 3106 haeceine,
1092 3045 1143 3096 wie

96 3117 295 3168 blasconam.
324 3115 375 3168 llas
388 3115 511 3168 Neutrum
526 3117 577 3167 wie
628 3116 694 3167 ansb
712 3115 738 3168 in
750 3115 798 3167 den
817 3115 923 3180 ubrigen
937 3113 1044 3164 Formen
1058 3111 1143 3164 dieses

58 3184 146 3247 124,
171 3185 203 3236 56
227 3185 302 3250 (nach
325 3187 387 3235 vitis
411 3185 462 3236 und
486 3187 577 3250 arbor)
628 3182 704 3235 Pron.
722 3199 770 3235 nur
795 3183 847 3234 ein
866 3197 880 3233 c
898 3197 930 3233 zu
949 3181 1081 3233 schreiben
1101 3179 1144 3232 ist.

60 3252 216 3319 gebraucbt:
236 3253 306 3304 diese
324 3251 413 3319 Dirige.
664 3254 703 3306 16.
716 3251 765 3316 Ne,
778 3266 798 3302 s.
810 3266 833 3304 z.
846 3250 864 3305 l.
877 3252 918 3312 30,
931 3252 975 3308 74,
990 3264 1088 3314 magno
1101 3247 1144 3299 bei

103 3322 127 3371 9.
152 3336 201 3385 ego
222 3327 347 3386 poteram
373 3323 486 3371 morbos.
518 3319 575 3386 Vgl.
628 3324 782 3383 aestimare,
809 3317 849 3369 lur
875 3319 980 3381 magni,
1007 3314 1143 3380 einigemal
1187 3318 1189 3323 '

60 3389 94 3440 de
113 3386 157 3442 lin.
174 3387 211 3443 111.
233 3391 273 3452 10,
288 3390 334 3440 35:
354 3388 577 3455 (perturbationes
630 3388 671 3440 bei
689 3387 787 3450 Cicero,
805 3401 827 3440 z.
846 3383 875 3436 B.
894 3384 925 3435 de
943 3383 987 3435 tin.
1005 3381 1042 3433 lll.
1063 3384 1142 3445 3,11;

60 3458 224 3522 animorum)
235 3455 332 3508 Graem
343 3453 575 3523 nddqappellant,
627 3471 784 3522 pemnagno,
803 3453 828 3503 in
848 3451 917 3503 Verr.
936 3450 978 3502 lV.
998 3455 1021 3513 1,
1035 3450 1074 3503 13.

58 3529 183 3591 poteram
201 3540 250 3590 ego
263 3527 372 3576 verbnm
390 3529 477 3590 ipsum
494 3528 576 3575 inter-
666 3526 706 3577 18.
721 3524 837 3582 insania,
856 3524 936 3572 elwa:
950 3508 1143 3572 ‘Gestdrtheit’.

59 3597 173 3660 prelans
184 3595 291 3644 morbos
303 3592 454 3659 appellare‚·
465 3593 577 3643 sednon
665 3593 705 3642 20.
726 3605 795 3655 qnae
812 3593 851 3638 est
867 3589 899 3638 de
915 3589 970 3637 vila
988 3584 1145 3648 (1111111111-

59 3663 218 3712 conveniret
229 3661 373 3713 adomnia.
394 3659 453 3713 Viel
466 3660 578 3712 seltener
630 3659 700 3724 hung
721 3657 760 3708 liar
778 3644 1063 3722 ‘Moralpbilosopbie').
1098 3652 1146 3706 Die

61 3729 97 3779 ist
109 3727 176 3780 obne
187 3729 260 3780 einen
273 3728 349 3781 dabei
359 3729 499 3781 stebenden
511 3727 578 3779 11111-
629 3725 804 3791 Philosopben
822 3738 870 3774 ror
887 3721 1009 3775 Sokrates
1027 3720 1146 3773 111111111-

61 3796 231 3848 dicionalsatz
253 3796 298 3849 der
321 3796 397 3861 llonj.
420 3813 471 3850 von
492 3812 576 3863 posse,
632 3795 710 3860 tigten
737 3791 792 3843 sich
816 3790 1009 3856 hauptsacblich
1034 3790 1082 3842 mit
1099 3789 1146 3841 der

63 3864 114 3915 wie
131 3865 148 3917 l.
167 3867 208 3929 34,
227 3867 268 3918 84.
631 3860 730 3931 Physilr
747 3859 1025 3926 (Naturphilosophie);
1049 3874 1082 3911 er
1099 3859 1147 3910 be·
