2550 4410
116 153 156 212 72
468 154 560 207 LtBttR
577 155 595 208 Ι.
615 158 655 219 28,
673 159 713 207 ro.
733 154 774 219 29,
792 159 833 208 71.

118 328 248 408 quamvis
263 346 326 388 eam
342 346 402 386 non
426 326 537 402 videas,
559 335 591 388 ut
612 328 699 388 deum
716 346 777 388 non
792 327 887 401 vides,
910 335 1028 403 tamen,
1051 337 1088 391 ut
1108 329 1191 392 deum

118 413 272 493 adgnoscis
288 432 323 473 ex
339 411 478 491 operibus
494 413 570 486 eius,
591 413 634 474 sic
650 432 685 473 ex
700 413 842 474 memoria
857 431 958 474 rerum
973 420 1005 474 et
1019 413 1191 476 inventione

118 507 147 561 et
161 498 310 560 celeritate
325 506 423 558 motus
442 498 583 578 omnique
604 498 825 577 pulchritudine
846 498 960 560 virtutis
980 498 1043 560 vim
1064 499 1190 562 divinam
1207 540 1233 617 d'

116 585 224 646 mentis
238 583 420 662 adgnoscito.

67 672 105 729 29
201 669 235 730 ln
259 688 317 747 quo
341 669 431 747 igitur
452 668 518 727 loco
541 666 607 728 est?
630 667 724 728 Credo
747 667 883 746 equidem
904 667 1066 748 incapite,
1091 678 1123 732 et
1142 668 1216 732 cur't

117 755 234 816 credam
250 755 364 814 adferre
380 771 509 831 possum.
540 753 598 812 Sed
612 753 682 814 alias
697 751 747 812 ubi
762 752 800 814 sit
817 752 950 827 animus3
973 764 1058 817 certe
1074 756 1190 835 quidem

117 841 147 901 in
163 848 192 900 te
208 848 260 900 est.
304 838 385 908 Quae
401 846 445 899 cst
466 838 492 897 ei
515 836 642 898 natural
669 838 802 916 Propria,
823 846 906 918 puto,
928 846 958 898 et
978 858 1042 901 sua.
1073 841 1135 902 Sed
1148 842 1189 902 fac

118 926 249 1002 igneam,
266 924 311 983 lac
325 922 508 1001 spirabilcm3
525 923 598 983 nihil
613 924 649 983 ad
664 921 702 997 id,
724 923 760 983 de
776 941 835 1002 quo
851 923 973 1001 agimus.
1012 925 1090 987 lllud
1106 927 1188 988 modo

117 1010 222 1081 videto,
240 1015 272 1069 ut
286 1007 373 1068 deum
390 1007 480 1081 noris,
497 1008 550 1068 etsi
567 1008 630 1070 eius
644 1009 764 1087 ignores
784 1015 814 1069 et
834 1008 932 1069 locum
955 1017 985 1070 et
1004 1010 1130 1087 faciem,
1151 1011 1189 1074 sic

118 1093 250 1154 animum
265 1092 318 1153 tibi
333 1101 417 1153 tuum
430 1101 532 1153 notum
545 1112 609 1154 esse
621 1102 769 1172 oportere,
785 1094 872 1154 etiam
884 1093 908 1154 si
920 1094 1042 1172 ignores
1054 1105 1085 1157 et
1095 1097 1189 1158 locum
1205 1088 1233 1161 ul

66 1189 94 1241 u
118 1187 147 1240 et
161 1180 294 1239 sormam.
331 1177 363 1238 ln
388 1177 477 1238 animi
493 1186 589 1238 autem
607 1178 777 1257 cognitione
792 1178 926 1239 dubitare
940 1199 1002 1240 non
1023 1199 1189 1261 possumus,

120 1264 174 1325 nisi
191 1264 278 1343 plane
293 1264 323 1323 in
340 1263 468 1343 physicis
483 1262 613 1342 plumbei
628 1282 746 1335 summ,
769 1263 840 1342 quin
857 1263 931 1325 nihil
951 1264 989 1326 sit
1010 1266 1121 1329 animis
1142 1268 1188 1329 ad-

119 1350 258 1423 mixtum,
274 1348 345 1408 nihil
361 1357 549 1420 concretum,
566 1348 639 1409 nihil
653 1347 839 1427 copulatum,
856 1348 930 1409 nihil
944 1360 1189 1429 coagmentatum,

120 1434 193 1495 nihil
207 1433 324 1512 duplex.
361 1433 448 1505 Quod
462 1452 530 1494 cum
546 1434 584 1494 ita
600 1434 646 1508 sit,
662 1442 742 1493 certe
758 1452 814 1494 nec
829 1434 944 1495 secerni
960 1453 1016 1496 nec
1032 1436 1123 1498 dividi
1138 1456 1189 1498 nec

118 1518 246 1598 discerpi
261 1538 317 1579 nec
332 1518 452 1580 distrahi
467 1528 573 1598 potest,
589 1538 627 1579 ne
643 1517 764 1579 interire
779 1517 898 1597 quidem
914 1518 1014 1598 igitur.
1046 1521 1100 1583 Est
1115 1523 1188 1585 enim
1206 1522 1233 1581 ut

118 1605 256 1665 interitus
271 1604 353 1682 quasi
368 1604 514 1666 discessus
530 1612 559 1664 et
573 1604 698 1664 secretio
714 1622 748 1663 ac
758 1603 921 1683 diremptus
936 1622 1038 1667 earum
1053 1607 1189 1687 partium,

119 1709 194 1768 quae
209 1699 276 1750 ante
292 1689 444 1750 interitum
459 1690 612 1751 iunctione
630 1689 726 1768 aliqua
741 1688 929 1750 tenebantur.

203 1774 256 1836 llis
278 1783 308 1835 et
328 1774 434 1836 talibus
457 1775 620 1836 rationibus
640 1774 783 1835 adductus
798 1775 935 1836 Socrates
957 1793 1014 1835 nec
1031 1783 1190 1856 patronum

119 1925 224 1977 sonders
243 1925 283 1975 die
303 1924 394 1974 Adilen
412 1924 469 1974 dem
488 1922 572 1975 Volhe
590 1924 628 1974 als
680 1924 769 1974 laudis
792 1928 819 1973 et
832 1923 940 1988 gloriae
956 1928 1059 1976 mortui
1075 1942 1132 1978 non
1150 1943 1190 1979 cc-

119 1991 322 2057 Danhgeschenh
346 1992 386 2042 fiir
403 1991 458 2042 ihre
475 1989 629 2057 Ernennung
679 1997 751 2053 rent;
770 1991 835 2044 auch
853 1991 883 2042 V.
902 1995 926 2056 7,
949 1995 987 2046 19.

120 2076 150 2110 zu
163 2061 246 2123 geben
258 2059 383 2123 pssegten;
403 2058 480 2109 daher
492 2059 568 2110 auch:
588 2059 628 2110 ein
713 2063 737 2112 9.
758 2060 843 2110 videto
858 2051 973 2112 ‘hehalte
990 2059 1026 2110 im
1043 2053 1142 2126 Auge'.

120 2125 264 2178 Gehiiude
277 2141 308 2176 zu
319 2125 432 2177 solchem
442 2126 551 2177 Zweclre
560 2127 591 2192 (z.
599 2126 627 2181 B.
716 2131 754 2179 ld.
773 2130 822 2178 tibi
837 2133 918 2180 tuum.
933 2127 1092 2194 Vgl.19‚43:
1110 2144 1190 2196 ecque

121 2193 185 2245 Vell.
198 2192 226 2244 ll.
242 2195 301 2245 130:
321 2195 440 2258 Pompeii
456 2210 567 2245 munera
584 2198 628 2246 ab·
679 2198 704 2244 ci
726 2194 777 2246 und
796 2197 836 2260 30,
855 2198 901 2247 74:
920 2197 982 2246 hinc
999 2211 1049 2246 nos
1065 2212 1125 2250 suc.

118 2266 224 2327 sumpta
241 2265 318 2325 igni).
344 2260 401 2326 Vgl.
420 2262 451 2313 de
470 2261 538 2316 deor.
557 2279 581 2314 n.
599 2263 627 2316 ll.
716 2266 755 2315 11.
776 2266 806 2313 in
824 2265 989 2328 cognitione,
1013 2264 1067 2330 vgl.
1086 2267 1129 2329 36,
1147 2268 1191 2318 88:

120 2333 161 2395 35,
172 2333 218 2382 90:
230 2332 316 2380 inesse
325 2329 441 2395 aliquem
450 2359 483 2367 -
493 2335 629 2397 tamquam
679 2333 708 2381 ic
726 2335 818 2383 morte.

120 2400 294 2450 architectum
315 2401 385 2449 tanti
402 2402 490 2464 operis
508 2402 628 2466 tantique
716 2401 756 2451 12.
770 2399 890 2464 plumbei
901 2391 1119 2466 ‘stumplsinnig'.
1143 2400 1191 2453 Des

119 2470 245 2520 muneris.
680 2465 738 2517 Bild
761 2466 796 2518 ist
820 2482 870 2519 von
889 2467 973 2519 einem
986 2466 1130 2532 plumbeus
1142 2484 1191 2535 pse

154 2540 178 2588 3.
210 2539 264 2587 vim
291 2537 410 2586 diuinum
436 2539 545 2599 ruentis,
572 2535 629 2586 eine
677 2535 726 2599 gio
759 2533 820 2586 oder
843 2535 954 2599 gladius
979 2535 1190 2601 hergenommem

121 2604 200 2656 durch
232 2602 273 2655 die
302 2604 508 2655 Zwischenaitze
542 2618 630 2654 veran·
681 2618 702 2653 s.
720 2601 751 2653 de
770 2601 812 2654 lin.
830 2602 871 2656 lV.
887 2606 926 2667 18,
939 2605 971 2657 48
990 2603 1042 2655 und
1060 2603 1093 2656 ad
1109 2605 1162 2657 Act
1173 2604 1190 2659 l.

121 2672 195 2722 lalste
223 2670 422 2735 Wiederholung
449 2671 493 2722 des
521 2671 629 2735 Ohjehts
683 2673 722 2734 16,
741 2671 764 2722 2.

121 2742 244 2802 (mentem
261 2740 393 2799 leontinis).
717 2741 757 2791 15.
769 2740 858 2803 igitur
869 2738 907 2790 als
921 2742 944 2791 4.
952 2737 1026 2790 Wort
1035 2737 1093 2790 dart
1100 2738 1190 2792 keinen

156 2810 180 2858 5.
197 2809 227 2855 ic
245 2808 339 2869 capite.
377 2804 412 2855 So
431 2803 481 2854 Cic.
500 2804 564 2855 nach
582 2805 630 2857 sei·
680 2805 788 2857 hastol's
806 2807 901 2872 geben;
926 2807 979 2872 vgl.
997 2821 1020 2858 z.
1038 2805 1067 2857 B.
1088 2810 1128 2870 14,
1146 2811 1190 2861 32:

122 2888 180 2925 nem
203 2872 296 2924 Lehrer
320 2871 485 2937 Posidonius,
509 2872 631 2924 wihrend
682 2890 749 2940 quoe
767 2879 806 2924 est
818 2875 913 2926 melior
924 2877 1023 2940 igitur3
1042 2876 1084 2938 ³4,
1098 2878 1143 2929 82:
1161 2892 1191 2927 ne

122 2942 162 2993 die
189 2941 285 2992 'alteren
308 2939 410 2992 Stoiher
436 2939 485 2990 den
507 2938 560 2990 Sitz
587 2940 631 2992 der
681 2944 711 2992 ic
729 2945 818 2993 animo
834 2943 1190 3008 quidema‘giturcemusrc-

122 3010 196 3062 Seele
215 3010 241 3058 in
260 3008 301 3059 die
319 3007 395 3060 Brust
412 3007 553 3072 verlegten,
571 3008 631 3060 weil
680 3014 777 3076 mouet,
795 3010 846 3061 und
858 3012 900 3075 ³6,
913 3013 958 3064 88:
976 3026 1010 3062 ue
1026 3026 1119 3063 carere
1136 3014 1190 3079 gui·

122 3078 163 3128 die
182 3076 288 3128 Stimme
307 3076 370 3127 eben
390 3075 468 3127 daher
484 3074 590 3128 homml.
682 3079 739 3129 dem
755 3081 842 3142 igitur
859 3081 888 3129 in
906 3082 1011 3130 mortuo
1031 3083 1078 3130 eet.

157 3147 180 3196 6.
207 3144 315 3204 adferre
341 3144 406 3195 wird
432 3143 498 3195 diter
521 3145 548 3195 in
572 3144 628 3196 dem
717 3149 755 3199 16.
773 3149 885 3197 secretio
898 3163 930 3197 ac
942 3147 1098 3213 diremptus,
1112 3148 1190 3215 passi·

123 3212 200 3264 Since
219 3227 269 3264 von
288 3213 471 3276 heusisen,
489 3212 630 3265 Rechen-
681 3214 753 3266 visch
766 3215 913 3279 gebraucht‚
930 3214 981 3265 wie
992 3217 1067 3266 uisus
1079 3215 1111 3268 de
1124 3215 1189 3269 deor.

123 3281 213 3333 schal
218 3284 227 3331 t
239 3282 351 3346 gehen,
364 3281 468 3332 absolut
478 3282 628 3345 gebraucht3
681 3298 705 3333 n.
717 3282 734 3334 l.
748 3284 788 3347 30,
802 3285 833 3335 85
846 3281 983 3348 (Schdm.):
1001 3283 1033 3335 Si
1046 3285 1134 3348 igitur
1145 3300 1189 3335 nec

122 3350 200 3401 daher
218 3350 272 3401 Gal.
289 3348 323 3401 M.
342 3353 366 3412 6,
386 3352 429 3402 l'l:
450 3347 528 3401 Nihil
543 3352 630 3414 igitur
681 3352 797 3401 humano
816 3352 874 3401 uisu
891 3352 945 3414 (dei
962 3354 1047 3416 sunt),
1071 3368 1120 3405 neo
1143 3352 1190 3404 tati

122 3418 250 3479 adserunt
267 3441 300 3461 =
319 3410 399 3473 οὐδὲν
416 3415 553 3487 λέγουσιν.
681 3420 779 3483 aliquo,
791 3446 822 3455 -
834 3419 900 3484 quid
908 3419 1190 3485 dooitaenogaredoos

156 3491 179 3539 7.
196 3490 310 3553 propria
327 3490 416 3536 etatae
433 3485 467 3536 ist
480 3486 549 3537 nicht
560 3484 631 3537 iden·
680 3489 752 3536 esso?

124 3554 200 3614 lisch;
225 3555 291 3607 denn
315 3554 399 3607 dieses
417 3554 567 3606 bezeichnet
584 3569 631 3605 nur
719 3557 757 3606 l'l.
776 3556 919 3618 iunctione,
938 3570 959 3607 s.
972 3554 996 3606 d.
1009 3553 1068 3608 luit.
1081 3556 1146 3608 hnh.

123 3620 172 3672 den
207 3623 292 3674 Besitz
327 3622 478 3688 (Gegensatz
509 3623 631 3686 alienus),
718 3625 757 3675 18.
776 3622 823 3672 His
840 3627 867 3673 et
883 3623 987 3688 talibus,
1006 3622 1056 3676 uie
1074 3627 1188 3692 48,116;

119 3689 195 3752 jonos
224 3689 269 3741 das
295 3689 514 3743 ausacldielsliche
539 3689 631 3755 Eigen-
681 3695 892 3757 neopatrensem
909 3693 1054 3756 quaenoit:
1078 3707 1106 3745 er
1129 3693 1189 3744 wios

123 3760 177 3807 tum
200 3755 351 3822 (degensatz
373 3761 537 3822 comonachis).
574 3756 629 3823 Vgl.
682 3773 758 3824 sogar
780 3758 821 3810 die
843 3758 896 3810 ihm
916 3759 1078 3826 angeboteue
1096 3760 1189 3814 Vertei·

125 3827 166 3889 45,
190 3826 252 3876 too:
278 3828 334 3874 suh
360 3830 387 3875 et
408 3828 530 3892 propriis
556 3828 632 3876 bortis
682 3826 852 3895 digungsrede
869 3827 915 3879 des
933 3827 1023 3896 Lysias
1041 3830 1145 3886 zurdclr.
