2550 4410
138 151 179 212 56
535 150 630 205 monn
647 150 690 207 rr.
708 154 805 219 nso.

137 335 168 388 et
188 327 296 388 ruentis
317 342 385 386 suas
408 343 423 385 a
445 324 657 404 cogitationum
684 324 852 387 intentione
874 335 968 388 centu
996 324 1217 407 fidibusquod

136 411 387 490 tranquillitatem¹
396 410 560 483 traducere,
575 412 773 489 gravissumus
786 418 891 471 auctor
906 411 939 471 in
957 410 1146 492 Originibus
1159 412 1218 475 dixit

139 498 210 559 Cato
232 515 345 557 morem
370 495 447 575 apud
470 497 597 558 maiores
618 497 698 558 bunc
719 495 872 575 epularum
894 495 1010 573 tuisse,
1037 508 1073 559 ut
1088 498 1218 579 deincep

139 583 190 662 qui
205 583 386 643 recubarent
400 590 543 642 canerent
562 583 597 642 ad
614 580 714 643 tibiam
737 581 883 641 clarorum
904 580 1050 643 virorum
1070 584 1174 647 laudes
1185 594 1220 645 at-

140 687 197 747 que
219 668 349 730 virtutes.
384 666 427 726 Ex
450 685 509 744 quo
526 667 715 746 perspicuum
739 675 784 727 est
805 675 834 726 et
855 675 963 727 cantus
985 676 1059 729 tum
1080 668 1172 733 fuisse
1184 669 1245 731 dit

64 758 67 763 '
103 762 118 811 ι
140 754 267 833 scriptos
280 771 386 813 rocum
408 752 491 813 sonis
505 762 535 812 et
549 751 690 812 carmina.
729 751 913 829 Quamquam
937 750 967 812 id
992 754 1125 832 quidem
1147 754 1221 819 omn

139 839 294 902 duodecim
310 837 423 899 tabulae
436 836 595 909 declarant,
612 836 700 898 condi
715 837 773 897 iam
789 846 852 897 tum
868 836 991 899 solitum
1010 858 1083 901 esse
1098 858 1221 913 carmem

138 923 218 1003 quod
241 924 403 985 reliceret
425 922 488 982 deri
511 922 545 981 ad
567 922 687 984 ulterius
709 921 845 983 iniuriam
861 921 927 1001 tege
941 936 1132 989 sanxerunt.
1170 927 1221 989 b'ee

138 1029 207 1071 vero
224 1008 294 1070 iliud
312 1027 372 1069 non
389 1007 572 1069 eruditorum
593 1018 761 1087 temporum
783 1016 993 1085 argumentum
1019 1020 1085 1085 est,
1106 1012 1222 1092 quodsi

139 1096 261 1155 deorum
283 1091 485 1172 pulvinaribus
508 1102 538 1153 et
558 1092 652 1172 epulis
678 1092 899 1171 magistrntuum
929 1092 1007 1155 tides
1036 1098 1222 1175 praecinunt,
1236 1096 1265 1170 Ι,

139 1180 217 1258 quod
234 1179 388 1257 proprium
404 1177 467 1240 eius
488 1178 559 1252 tuit,
581 1178 617 1238 de
633 1178 821 1257 quamquem
843 1177 1034 1257 disciplinae.
1074 1182 1150 1245 Mihi
1166 1183 1222 1263 qui·
1262 1175 1265 1227 Ι

139 1263 306 1325 demetiam
323 1263 409 1343 Appii
426 1262 510 1324 Caeci
524 1281 655 1336 carmen,
673 1263 751 1341 quod
769 1261 851 1322 valde
866 1262 1034 1327 Panaetius
1051 1266 1156 1331 laudat
1169 1266 1222 1349 epi

139 1350 216 1410 stuta
232 1350 374 1428 quadam,
391 1366 466 1427 quae
481 1357 527 1410 est
540 1348 576 1408 ad
592 1349 628 1420 Q.
643 1348 843 1421 Tuberonem,
859 1347 1091 1428 Pythagoreum
1107 1355 1223 1416 videtur.

140 1434 230 1495 btulta
246 1436 331 1495 etiam
347 1443 417 1496 suot
431 1433 462 1494 in
475 1434 586 1495 uostris
601 1433 744 1495 institutis
757 1433 845 1494 dueta
860 1432 897 1494 ab
909 1432 977 1509 illis,
994 1453 1082 1514 quae
1096 1450 1224 1519 praeter·

142 1538 186 1594 eo,
204 1540 241 1581 ne
258 1538 301 1592 ea,
324 1538 399 1599 quae
413 1518 580 1598 repperisse
595 1518 651 1598 ipsi
666 1528 814 1598 putamur,
835 1516 954 1579 aliunde
970 1519 1122 1587 didicisse
1137 1520 1259 1587 uideo-¹⁵

101 1615 117 1664 b
140 1623 217 1666 mur.
253 1606 309 1666 Sed
325 1614 359 1666 ut
372 1605 406 1665 ad
422 1604 609 1684 propositum
631 1604 732 1665 redeat
746 1602 856 1677 oratio,
879 1604 1080 1682 quambrevi
1096 1620 1226 1693 tempore

172 1745 195 1794 1.
212 1744 307 1791 mentis
323 1770 357 1778 -
375 1741 523 1792 traducere.
546 1739 651 1801 Quintil.
702 1739 748 1792 der
770 1738 834 1805 Zeit,
851 1739 902 1792 wie
924 1738 1148 1804 gladiatoribus
1173 1746 1227 1799 oder

137 1809 178 1861 lt.
197 1812 222 1874 4,
242 1812 284 1861 12:
308 1809 485 1875 Pythagoreis
500 1806 652 1868 morissnit
704 1808 783 1870 Indis)
806 1807 908 1860 beziebt
931 1808 987 1860 sich
1015 1812 1070 1864 nui
1091 1813 1136 1867 die
1163 1814 1227 1867 teeti·

136 1906 171 1917 -
195 1893 254 1928 eum
271 1892 392 1928 somnum
405 1882 537 1942 peterent,
559 1877 595 1928 ed
613 1877 652 1945 tp·
702 1879 821 1941 sternio,
850 1875 874 1928 d.
901 1877 925 1929 b.
957 1876 1000 1929 die
1032 1894 1131 1948 sogeu,
1162 1882 1227 1937 Gaet-

137 1961 196 1996 rum
221 1947 299 2011 prius
321 1945 405 1994 tenire
428 1950 540 2009 mentes,
562 1949 601 2009 ut,
628 1947 653 1995 si
703 1944 802 1996 mihler
819 1942 864 1996 der
881 1943 980 2011 detur,
997 1960 1036 1999 nn
1054 1950 1178 2006 welcben
1192 1951 1227 2003 dic

138 2014 204 2079 quiet
227 2017 293 2062 esset
311 2012 490 2062 turbidiorum
511 2016 652 2077 cogitatio·
703 2011 890 2076 discorditer,
919 2012 966 2064 aut
989 2012 1093 2070 diesen
1124 2024 1227 2087 gentil,

136 2097 210 2144 num,
229 2084 421 2145 componerent.
703 2080 863 2148 symboliscb
879 2080 1055 2137 teitnabmen.
1083 2087 1142 2141 Liv.
1157 2086 1187 2141 V.
1199 2090 1227 2141 13

172 2151 196 2201 2.
209 2152 238 2197 in
252 2148 415 2211 Originibus,
428 2163 448 2199 s.
462 2163 492 2200 zu
505 2147 522 2198 Ι.
536 2150 560 2212 2,
573 2150 597 2212 3,
610 2164 652 2200 wo
705 2165 729 2203 u.
746 2147 801 2200 XX.
822 2152 862 2202 10.

138 2216 203 2268 auch
222 2215 336 2266 dieselbe
354 2215 419 2267 Sitte
438 2216 554 2268 erwihnt
572 2216 643 2269 wird.
738 2217 824 2283 epuiis
831 2219 1056 2288 magistratuum,
1067 2220 1227 2275 beimduts-

172 2287 195 2336 4.
215 2284 252 2335 ee
268 2286 362 2334 troiam
379 2284 441 2336 =1.
454 2287 478 2349 n,
496 2287 523 2337 a:
543 2285 580 2335 cu
591 2287 652 2335 noe
704 2285 817 2349 nouitio,
835 2284 976 2337 nescirem
992 2284 1046 2339 aer
1064 2276 1174 2345 durren.

137 2356 231 2404 er‘nem.
736 2353 802 2415 sides
818 2356 988 2419 praecinunt.
1025 2356 1106 2411 Aueb
1128 2359 1227 2413 menn

165 2419 650 2487 bdiscriptosvocumsonis:ucchden
703 2419 821 2473 scblietst
844 2420 894 2472 Cic.
917 2420 1002 2473 suriel
1017 2422 1065 2477 rur
1082 2425 1126 2479 die
1139 2426 1227 2481 linitur

135 2490 225 2542 Tboen
237 2491 282 2542 der
294 2488 416 2541 Stimmen
429 2488 590 2541 barmooisch
608 2503 652 2554 ge·
702 2488 748 2541 des
765 2489 834 2541 alten
852 2487 925 2541 Rom.

136 2559 259 2625 glicderte
268 2557 330 2609 oder
341 2557 518 2625 komponierte
527 2555 650 2623 Gesiuge.
737 2558 777 2611 12.
786 2558 890 2623 Appius
898 2556 1032 2609 enudus
1045 2559 1153 2615 Caecus
1163 2563 1227 2631 regn

174 2631 196 2679 1.
216 2628 355 2678 duodecim
373 2627 486 2677 tabulae.
518 2625 605 2676 dicero
619 2624 650 2676 de
703 2624 742 2677 als
760 2624 855 2677 Geosor
878 2628 925 2679 311
945 2640 971 2677 r.
992 2624 1057 2681 Chr.
1078 2629 1122 2683 die
1139 2634 1225 2699 Appn

138 2710 191 2760 rep.
208 2693 250 2746 IV.
270 2697 315 2747 10:
334 2694 388 2745 XII
398 2695 575 2744 tabutaecum
591 2709 652 2758 per-
703 2695 747 2745 uiu
765 2692 980 2811 unddfluiducte
996 2709 1033 2747 an
1063 2702 1224 2767 marspiter

869 2760 958 2821 orout,
987 2734 1044 2815 unci
1074 2764 1224 2821 biutertrieb

138 2832 180 2879 bis
202 2831 392 2893 huncquoque
414 2829 585 2880 sanciendam
601 2845 651 2894 pu·
702 2831 752 2882 280
770 2829 812 2880 die
823 2828 1024 2895 Abscblictsung
1040 2831 1092 2885 des
1105 2832 1223 2889 Friedent

138 2900 270 2960 monent,
289 2898 313 2945 si
326 2898 386 2962 quis
397 2901 586 2947 occentavisset
595 2900 651 2947 siue
701 2898 748 2948 mit
771 2895 892 2965 Pyrrhus.
930 2896 981 2949 bac
1004 2898 1066 2952 bier
1094 2904 1223 2957 erwibote

139 2981 247 3016 nomnen
277 2964 451 3029 condidisset,
479 2965 551 3029 quod
578 2963 651 3025 infe·
702 2965 930 3018 Gedichteutbielt
948 2963 1162 3037 Sittenspriicbe,
1174 2985 1223 3023 wer
1263 2989 1265 3006 =

135 3037 217 3084 mium
244 3032 347 3094 faceret
371 3034 536 3097 flagitiumve
562 3034 649 3095 atteri,
702 3034 763 3086 aber
781 3034 873 3099 gewiis
890 3032 962 3085 nicht
1026 3035 1221 3103 besontiensi.
1263 3032 1265 3037 ¹

136 3101 182 3154 Die
195 3101 284 3154 Wortc
297 3101 342 3151 des
357 3099 478 3152 Gesotzes
496 3099 576 3151 selbsi
589 3104 650 3162 (tab.
703 3101 813 3154 eundern
830 3102 890 3153 eebt
906 3100 999 3154 rbmiee
1018 3116 1055 3155 en
1074 3105 1186 3161 Geistet.

140 3172 212 3224 VIII.
237 3171 268 3220 de
287 3168 399 3234 delictis)
417 3169 517 3220 lauteri:
535 3171 574 3218 sei
591 3172 652 3233 quei
736 3172 888 3234 Panaetium,
905 3185 937 3221 zu
953 3169 972 3223 Ι.
993 3172 1034 3236 18,
1054 3176 1101 3227 42.

137 3242 217 3305 (quis)
237 3238 355 3304 piputod
375 3239 521 3301 (conuicio)
545 3242 650 3287 ocenta-
736 3238 849 3303 epistula
875 3238 1004 3303 quedam,
1027 3238 1075 3293 die
1099 3244 1177 3307 (nach
1192 3242 1220 3295 de

137 3313 173 3359 sit
192 3323 332 3359 curmenve
354 3306 469 3357 condicit
482 3306 650 3370 (condiderit)
702 3304 746 3357 fin.
769 3305 811 3359 tV.
831 3308 859 3370 9,
877 3308 919 3370 23)
942 3321 995 3359 von
1012 3306 1063 3360 der
1081 3310 1219 3380 Ertragum

140 3377 213 3443 quod
229 3375 371 3436 infamiam
393 3373 476 3435 fuecit
500 3376 650 3440 (tegitiomq
704 3373 749 3425 des
768 3371 918 3426 Schmerzes
935 3373 1070 3429 baudette.

137 3446 240 3506 alterni,
258 3442 329 3504 fuste
346 3440 450 3502 seritod
465 3440 611 3507 (ferietur).
737 3445 778 3496 13.
801 3442 832 3505 Q.
848 3442 942 3493 Aetius
961 3440 1085 3512 meere,
1104 3445 1152 3499 dee
1165 3448 1219 3513 jin·

172 3517 195 3566 9.
221 3528 298 3573 uero,
322 3512 372 3562 wie
394 3511 412 3562 1.
436 3513 477 3573 39,
496 3513 541 3570 93;
563 3511 651 3561 erudi·
703 3523 765 3575 geru
788 3509 875 3576 Scipio
899 3508 1034 3563 Africanos
1061 3513 1218 3569 sennaser

137 3586 227 3632 torum
251 3585 405 3646 temporum,
429 3580 486 3630 eine
505 3578 544 3630 bei
564 3579 650 3631 dicero
703 3578 767 3629 sohn
790 3580 849 3641 (133
868 3578 907 3630 als
923 3578 982 3630 trib.
999 3578 1035 3646 pl.
1056 3580 1080 3634 G
1116 3598 1163 3637 nes
1177 3582 1218 3635 de

139 3650 197 3701 sehr
206 3649 304 3700 selteoe
314 3646 486 3713 Verbindong,
494 3646 589 3711 jedoeb
598 3647 650 3712 vgl.
702 3644 758 3697 Tib.
782 3646 933 3711 Gracchus),
959 3645 1064 3701 Freund
1111 3666 1140 3705 er
1163 3650 1218 3705 etot-

138 3715 170 3767 de
194 3715 263 3768 deor.
286 3731 309 3768 u.
328 3716 355 3769 ll.
380 3717 426 3780 18,
449 3717 496 3768 48:
516 3715 650 3765 eruditum
702 3714 780 3766 seben
798 3714 972 3781 Pbilosopbie.

138 3784 215 3834 ittum
222 3784 359 3849 puluerem
372 3784 426 3847 (der
438 3782 649 3846 Mathematiker).
737 3784 775 3836 16.
793 3783 995 3849 redecimatio,
1009 3782 1066 3850 vgl.
1080 3800 1115 3839 ιιι
1131 3785 1171 3841 ΙΙΙ.
1181 3786 1220 3851 ³³,

175 3856 213 3904 10.
239 3852 350 3902 deorum
368 3851 557 3916 puluinaribus
580 3849 648 3913 (nbi.
702 3851 1021 3905 80:11derrnoitorntio.

136 2776 238 2827 paucas
260 2777 303 2811 res
320 2764 408 2825 cupite
428 2765 594 2826 conducent,
621 2764 651 2811 in
702 2761 820 2813 zweimal
