2550 4410
154 219 214 278 rm
497 215 915 286 mmummmmm

152 394 231 473 quod
246 401 297 454 aut
312 391 374 453 leve
390 399 440 452 ant
458 409 595 471 asperum
611 391 641 451 in
665 410 793 470 corpore
814 394 972 456 sentiatur:
1004 395 1075 456 huic
1092 413 1184 474 ergo,
1205 405 1238 458 ut

153 479 221 553 dixi,
249 497 310 538 non
335 477 460 539 multum
482 476 630 537 dillerenti
652 494 668 536 a
690 476 800 538 iudicio
823 479 952 540 ferarum
976 479 1114 542 oblivisci
1136 481 1237 543 licebit

152 565 197 626 sui
213 572 242 624 et
256 573 318 624 tum
334 564 484 624 fortunam
505 573 712 635 contemnere,
734 580 802 622 cum
825 565 864 625 sit
884 583 973 626 omne
995 574 1025 626 et
1038 566 1158 627 bonum
1173 569 1236 630 eius

152 660 181 710 et
196 648 304 709 malum
319 649 349 708 in
366 655 509 728 potestate
524 648 670 719 fortunae,
690 654 754 707 tum
770 648 869 710 dicere
885 669 917 711 se
932 649 1052 711 beatum
1068 653 1100 712 in
1117 670 1234 715 summo

152 734 285 796 cruciatu
300 743 389 812 atque
411 732 584 805 tormentis,
605 749 674 792 cum
688 734 877 794 constituerit
898 754 960 796 non
975 735 1065 797 modo
1081 756 1234 800 summum
1252 753 1265 804 5

100 836 129 886 ra
151 820 261 881 malum
277 837 340 880 esse
362 818 509 890 dolorem,
532 817 582 878 sed
605 817 692 877 etiam
716 816 834 878 solnm‘l
864 819 925 880 Nec
946 840 1017 881 vero
1039 821 1087 882 illa
1110 822 1167 884 sibi
1183 842 1234 884 re-

151 904 247 966 media
270 903 450 983 comparavit
476 903 510 963 ad
539 902 724 962 tolerandum
752 903 901 979 dolorem,
930 906 1102 967 firmitatem
1131 909 1232 983 animi,

149 989 342 1069 turpitudinis
357 987 579 1062 verecundiam,
596 987 838 1050 exercitationem
853 990 1163 1072 consuetudinemque
1178 1013 1232 1073 pa-

150 1074 259 1148 tiendi,
282 1073 420 1135 duritiam
434 1073 563 1147 virilem,
586 1072 712 1133 seduna
728 1093 759 1134 se
782 1074 853 1134 dicit
867 1075 1076 1138 recordatione
1093 1078 1231 1158 adquies-

150 1179 218 1221 cere
239 1159 464 1239 praeteritarum
485 1157 695 1237 voluptatium,
717 1167 750 1218 ut
771 1159 795 1220 si
818 1159 884 1237 quis
904 1170 1059 1236 aestuans,
1081 1181 1152 1225 cum
1172 1165 1230 1225 vim
1250 1179 1271 1230 11

151 1245 258 1329 caloris
273 1263 334 1304 non
350 1244 434 1304 facile
450 1245 592 1322 patiatur,
614 1243 763 1304 recordari
782 1243 852 1304 velit
865 1264 929 1306 sese
945 1246 1105 1326 aliquando
1127 1249 1158 1309 in
1175 1249 1230 1310 hr-

150 1329 245 1410 pinati
262 1339 364 1390 nostro
380 1328 483 1409 gelidis
504 1328 675 1389 fluminibus
695 1329 908 1392 circumfusum
927 1332 1028 1394 luisse.
1065 1333 1134 1394 Non
1150 1335 1229 1396 enim

150 1415 234 1475 video
264 1433 323 1492 quo
352 1415 440 1475 modo
472 1415 575 1475 sedare
603 1413 718 1493 possint
747 1415 821 1476 mala
854 1417 1021 1494 praesentia
1051 1420 1230 1497 praeteritae

99 1515 128 1565 75
149 1499 323 1578 voluptates.
360 1499 418 1560 Sed
439 1518 505 1560 cum
529 1499 555 1561 is
580 1500 657 1560 dicat
678 1518 795 1579 semper
820 1499 938 1562 beatum
961 1521 1025 1564 osse
1051 1504 1228 1583 sapientem,

150 1585 196 1645 cui
212 1584 311 1647 dicere
326 1585 398 1658 hoc,
421 1585 446 1646 si
462 1584 518 1646 sibi
534 1593 670 1645 constare
685 1584 786 1658 vellet,
808 1604 869 1646 non
885 1587 1003 1660 liceret,
1026 1588 1170 1667 quidnam
1186 1592 1228 1651 la·
1248 1605 1271 1656 15

149 1670 287 1732 ciendum
303 1679 347 1731 est
366 1670 410 1745 iis,
427 1671 478 1749 qni
492 1670 566 1731 nihil
581 1668 789 1749 expetendum,
806 1670 880 1731 nihil
895 1672 925 1732 in
942 1671 1030 1733 bonis
1045 1673 1227 1752 ducendum,

150 1756 229 1836 quod
245 1757 398 1817 honestate
420 1765 527 1831 careat,
550 1752 738 1816 existimanti
781 1755 828 1816 hle
851 1757 970 1835 quidem
993 1767 1115 1820 auctore
1138 1761 1229 1822 etiam

148 1841 336 1921 Peripatetici
356 1850 529 1920 veteresque
549 1840 715 1902 Academici
738 1839 885 1901 balbutire
906 1842 1064 1921 aliquando
1088 1845 1229 1908 desinant

148 1935 309 2006 aperteque
325 1936 354 1986 et
369 1926 447 1987 clara
460 1944 534 1987 voce
555 1926 682 1987 audeant
696 1925 794 1986 dicere
811 1926 926 1987 beatam
942 1928 1030 1988 vitam
1045 1928 1076 1990 in
1093 1930 1227 1992 Phalari-

148 2012 192 2073 dis
207 2020 324 2072 taurum
340 2012 558 2072 descensuram.
1247 2032 1271 2084 ῃ

96 2063 131 2196 ἒξ
235 2096 301 2158 Sint
316 2097 395 2156 enim
410 2095 465 2155 tria
480 2114 589 2175 genera
601 2096 759 2171 bonorum,
775 2104 809 2156 ut
822 2096 879 2156 iam
891 2115 906 2157 a
918 2097 1032 2176 laqueis
1044 2099 1226 2177 Stoicorum,

184 2217 206 2267 1.
230 2214 285 2264 lano
311 2242 344 2250 -
370 2228 493 2278 asperum
520 2213 575 2264 bez.
602 2213 657 2264 sich
745 2215 785 2267 13.
803 2215 875 2264 mala
889 2217 1047 2279 praesentia
1055 2221 1224 2282 proamitae

147 2282 194 2334 aui
203 2281 244 2333 die
257 2280 355 2347 glatlen
367 2280 657 2347 nndscharlenAtome‚
708 2280 866 2347 voluptates,
902 2282 1050 2348 Chiasmns,
1075 2285 1125 2337 wie
1147 2286 1165 2338 l.
1184 2291 1225 2353 49,

146 2350 224 2403 durch
242 2349 341 2401 welche
359 2348 533 2414 nachEpilmr
553 2348 595 2401 die
613 2365 657 2400 an·
711 2351 773 2402 118:
792 2351 948 2401 horribilem
965 2380 999 2390 -
1016 2350 1146 2412 faucium,
1245 2361 1246 2364 ’

147 2417 658 2485 genehmennunangenehmeullmpfio·
745 2419 785 2469 16.
803 2421 846 2484 iia,
868 2422 965 2483 qai-
983 2422 1156 2474 eaiabmant:
1184 2423 1224 2475 die

146 2487 249 2553 dungen
268 2486 485 2552 hervorgebracht
504 2486 617 2542 werden.
709 2484 813 2537 Stoiker
836 2487 888 2537 und
905 2487 973 2539 viele
990 2503 1042 2539 von
1063 2488 1110 2541 der
1127 2505 1224 2544 neaera

181 2559 244 2606 braia
271 2584 303 2592 -
326 2554 462 2620 feroram,
488 2554 658 2620 abgekiuzler
707 2552 859 2606 Akademie.

146 2622 281 2676 Ausdruch
294 2623 334 2675 hir
350 2625 420 2688 boio,
438 2625 516 2674 maiar
527 2624 658 2674 iodicium
745 2624 784 2675 18.
807 2623 940 2672 balbutire
955 2614 1015 2674 ‘mit
1038 2622 1084 2676 der
1107 2624 1221 2690 Sprache

146 2709 201 2743 noo
213 2692 326 2742 multum
338 2691 432 2753 differt
442 2708 459 2742 a
470 2692 573 2744 iudicio
584 2689 658 2750 fera·
710 2689 781 2741 nicht
796 2690 868 2742 recht
880 2690 972 2743 herous
984 2691 1089 2756 wolleu,
1108 2693 1163 2745 sich
1176 2711 1224 2747 uu-

146 2776 214 2811 rum.
240 2758 658 2826 Vgl.l.1,2:illa—auntcoo-
709 2750 955 2810 klarausdrdcken'.
985 2757 1221 2828 DiePeripat.nod

146 2826 268 2888 seranda.
708 2825 779 2877 alten
792 2825 964 2878 Ahademiher
978 2827 1083 2880 wollteu
1096 2843 1166 2880 zuar
1178 2831 1223 2882 die

182 2897 205 2947 2.
234 2895 356 2945 oblivisci
380 2922 414 2931 —
440 2897 483 2944 soi
505 2890 585 2947 ‘aeine
609 2893 657 2947 Be·
708 2892 913 2959 Ghiclrseligkeit
935 2910 981 2947 nur
1002 2895 1029 2946 in
1047 2896 1092 2948 der
1109 2895 1219 2961 'l'ugend

148 2963 315 3030 hauptungen
333 2977 364 3012 zn
381 2958 536 3027 vergessen’.
707 2960 1223 3030 finden‚meinteujedoch,daisdieselbe

181 3035 205 3084 9.
234 3029 423 3082 recordatione
443 3034 656 3094 praeteritarum
708 3028 786 3082 durch
805 3030 846 3081 die
864 3029 1031 3097 Verbindnng
1049 3031 1093 3084 der
1110 3030 1221 3099 'lugend

145 3101 335 3166 voluptatium.
371 3097 433 3149 Zum
451 3097 534 3149 lnhalt
550 3099 602 3164 rgl.
617 3098 655 3151 lll.
708 3098 756 3149 mit
770 3098 886 3150 bulseren
899 3097 996 3151 Grilern
1012 3099 1066 3151 und
1079 3099 1125 3151 mit
1136 3100 1222 3154 denen

149 3174 187 3232 15,
206 3170 238 3222 33
256 3186 282 3223 u.
302 3166 332 3220 V.
350 3169 391 3230 31,
404 3168 444 3219 88.
471 3164 518 3217 hlit
535 3168 657 3232 volupta-
707 3165 753 3218 des
770 3165 881 3233 Korpers
900 3167 1039 3233 gasteigert
1056 3168 1153 3222 werde.

147 3241 215 3289 tiam
231 3237 454 3302 ugheioilatiram,
466 3235 517 3287 wie
529 3236 594 3287 nach
606 3235 656 3288 den
741 3234 897 3300 aliquando,
914 3250 935 3286 s.
954 3251 985 3288 zu
1003 3235 1020 3288 1.
1041 3239 1064 3302 1,
1084 3240 1107 3289 1.

145 3306 236 3358 besten
258 3303 363 3356 Hdsehr.
386 3303 417 3355 de
437 3318 490 3370 rep.
508 3303 535 3355 ll.
554 3306 578 3370 4,
597 3305 612 3356 8
631 3320 655 3356 u.
743 3305 783 3357 19.
801 3307 831 3353 in
848 3304 1002 3355 Phalaridis
1020 3308 1139 3370 laomim,
1158 3321 1179 3361 s.
1192 3306 1220 3359 ll.

146 3374 177 3426 ad
204 3375 263 3426 iam.
292 3376 332 3426 to.
359 3374 382 3437 8,
405 3374 433 3434 6;
461 3374 500 3424 12.
526 3375 566 3435 13,
589 3373 654 3424 3zn
708 3375 731 3435 1,
754 3376 794 3424 11.
830 3370 868 3436 (ln
888 3371 959 3424 ¹dhnl.
982 3371 1223 3436 Siune5,13:ire

146 3443 278 3495 schreibeu
296 3441 338 3493 ist.
706 3439 824 3490 eculeum
843 3441 929 3504 coiea).
964 3439 1039 3492 Sion:
1063 3439 1107 3492 Sie
1125 3445 1221 3508 miger

175 3508 655 3576 11.Arpinoiiooalro,sc.sraodo.hr·
707 3508 849 3573 gestehen,
879 3507 935 3559 dats
961 3508 1006 3560 das
1032 3508 1117 3561 Glirck
1143 3525 1220 3563 ano-

145 3579 234 3644 pinum
247 3580 290 3645 lag
301 3578 336 3629 im
349 3577 466 3644 Gebirge,
484 3578 550 3630 nahe
567 3593 599 3628 an
611 3576 656 3629 der
706 3576 815 3628 schlie
824 3575 926 3627 islich
935 3592 987 3628 von
997 3575 1042 3628 der
1052 3575 1163 3644 'lugend
1175 3579 1220 3630 ab·

145 3646 277 3712 blundnng
289 3646 334 3698 des
347 3644 469 3698 Fibrenus
484 3647 510 3697 in
523 3645 571 3698 den
583 3645 654 3698 Liris.
706 3644 786 3710 hingt
804 3643 855 3695 nnd
871 3645 937 3696 auch
954 3644 1033 3697 durch
1046 3644 1088 3696 die
1101 3648 1226 3712 moretm

182 3717 221 3768 12.
239 3715 302 3768 Non
319 3717 405 3780 anim,
427 3730 459 3766 zu
478 3714 603 3781 ergimaen
620 3713 655 3765 ist
706 3713 823 3765 busseren
846 3711 940 3764 beiden
963 3713 1033 3766 nicht
1056 3713 1222 3768 beeintrbch-

145 3782 250 3835 rorher:
260 3779 327 3834 ‘was
337 3782 460 3835 ihmaber
472 3782 555 3834 niehlo
565 3775 655 3847 nirlzt’,
685 3834 689 3840 ⁴
706 3781 755 3846 tigt
772 3779 877 3832 werden
894 3779 971 3832 kann.

146 3849 177 3902 (11
191 3850 236 3902 das
249 3850 462 3916 Vorhergehende
480 3849 592 3902 ironisch
611 3864 655 3916 ge·
740 3850 780 3902 21.
800 3850 852 3900 iria
868 3863 978 3937 ponera,
997 3848 1049 3915 vgl.
1068 3850 1092 3913 8,
1112 3852 1176 3909 11,

146 3917 653 3986 1111111,131.1.θ,11;0111111111.
746 3919 847 3984 laqueis
883 3910 1144 3986 Verlinglichkeiten'
1171 3918 1220 3971 be·
