2542 4394
391 208 486 262 LIBER
502 209 540 264 lit
559 211 602 277 33,
611 212 653 264 80.
664 212 704 264 81.
723 211 765 276 at,
775 211 816 263 81.
1098 207 1137 266 51

67 383 152 445 illum
167 402 222 444 suo
237 382 346 444 iudicio
362 391 406 457 et,
423 382 504 462 quod
517 400 549 444 se
564 381 603 442 ita
618 389 703 460 putet
717 389 856 460 oportere
871 381 982 455 iacere,
997 400 1140 444 maerere.

66 468 213 530 Nimirum
233 468 337 548 igitur,
360 476 394 528 ut
415 467 445 528 in
469 467 565 528 causis
586 485 648 528 uon
668 484 786 545 semper
806 466 917 528 utimur
938 467 1042 527 eodem
1061 477 1140 529 statu

66 588 108 599 -
123 553 165 615 sic
181 552 261 614 enim
275 551 457 634 appellamus
473 551 741 613 controversiarum
755 568 865 631 genera
877 585 930 625 —,
944 551 995 612 sed
1013 552 1047 612 ad
1064 562 1138 614 tem·

66 657 133 719 pus,
149 639 186 699 ad
197 637 415 699 controversiae
428 645 574 711 naturam,
590 637 625 697 ad
640 654 797 716 porsonam
813 636 1078 711 accommodamus,
1094 638 1138 700 sio

27 736 45 787 t
69 725 100 785 in
112 723 298 803 aegritudine
309 723 449 784 lenienda
460 740 547 801 quam
561 721 685 801 quisque
700 720 885 783 curationem
900 721 1032 803 recipere
1047 723 1140 801 possit

67 808 226 869 videndum
243 816 297 869 est.
704 864 706 869 ,

154 892 211 954 Sed
225 892 397 971 nescioquo
414 902 500 971 paeto
517 891 552 952 ab
569 910 615 964 eo,
631 891 710 970 quod
725 900 787 952 erat
802 899 862 952 ate
877 891 1072 971 propositum,
1087 893 1139 953 ab·
1160 905 1190 958 80

67 978 175 1040 erravit
196 977 300 1039 oratio.
329 977 374 1037 Tu
398 977 477 1038 enim
492 977 529 1038 de
544 976 676 1056 sapiente
691 976 874 1054 quaesieras,
896 976 943 1037 cui
965 985 1016 1038 aut
1030 978 1139 1039 malum

68 1063 161 1125 videri
176 1062 291 1124 nullum
304 1070 411 1141 potest,
427 1061 601 1141 quod-vacet
611 1061 804 1141 turpitudine,
821 1070 871 1123 aut
885 1061 924 1122 ita
939 1080 1061 1142 paruum
1077 1082 1139 1125 ma-

10 1160 44 1213 10
65 1150 140 1221 lum,
155 1157 189 1208 ut
205 1147 234 1208 id
246 1145 391 1208 obruatur
401 1147 544 1226 sapientia
558 1146 664 1226 vixque
678 1156 827 1229 appareat,
843 1147 894 1226 qui
909 1147 983 1209 nihil
998 1149 1139 1227 opinione

68 1233 199 1312 adfingat
205 1233 399 1310 adsumatque
411 1231 446 1292 ad
457 1232 681 1310 aegritudinem,
693 1251 749 1293 nec
760 1231 788 1293 id
801 1240 885 1311 putet
896 1251 959 1298 esse
970 1241 1095 1309 rectum,
1107 1253 1139 1296 se

70 1336 160 1399 quam
170 1318 296 1379 maxime
312 1315 476 1378 excruciari
490 1316 632 1396 luctuque
647 1317 763 1391 confici,
780 1335 839 1396 quo
854 1317 973 1397 pravius
987 1318 1061 1379 nihii
1075 1338 1141 1382 esse

69 1404 172 1482 possit.
205 1401 334 1463 Edoouit
349 1409 447 1464 tamen
467 1402 557 1477 ratio,
573 1411 608 1464 ut
627 1402 699 1463 mihi
712 1403 830 1481 quidem
846 1402 976 1476 videtur,
999 1422 1068 1465 cum
1082 1406 1139 1467 hoc

68 1490 167 1570 ipsum
187 1487 310 1568 proprie
332 1506 396 1548 nou
417 1497 608 1565 quaereretur
629 1488 687 1550 hoc
708 1496 858 1566 tempore,
880 1505 951 1548 num
967 1489 1045 1566 quod
1062 1500 1141 1552 esset

10 1586 44 1641 15
69 1572 190 1647 malum,
206 1572 264 1635 uisi
280 1574 359 1651 quod
381 1571 460 1633 idem
475 1572 532 1634 dici
553 1581 641 1653 turpe
662 1582 779 1652 posset,
801 1581 900 1633 tamen
916 1581 950 1632 ut
963 1574 1138 1649 videremus,

68 1659 210 1737 quioquid
226 1666 305 1720 esset
319 1657 349 1718 iu
365 1657 549 1736 aegritudine
564 1658 642 1732 maii,
657 1657 687 1718 id
701 1676 763 1719 uon
780 1657 914 1719 naturale
929 1677 1006 1731 esse,
1022 1661 1073 1721 sed
1087 1679 1139 1721 vo-

67 1743 199 1806 luntario
221 1743 329 1804 iudicio
351 1751 382 1804 et
403 1741 553 1822 opinionis
574 1761 675 1804 errore
691 1751 884 1804 contractum.
912 1742 1079 1804 Tractatum
1096 1754 1141 1807 est
1161 1755 1191 1809 81

67 1838 168 1891 autem
190 1848 206 1889 a
229 1827 317 1888 nobis
338 1827 368 1888 id
389 1846 484 1907 genus
506 1828 712 1908 aegritudinis,
734 1828 812 1907 quod
835 1845 929 1888 unum
947 1836 991 1888 est
1006 1830 1140 1892 omnium

67 1930 254 1987 maxumum,
275 1921 309 1973 ut
330 1931 365 1973 eo
386 1912 501 1974 subiato
522 1914 705 1994 reliquorum
723 1913 851 1975 remedia
873 1931 911 1974 ne
926 1931 1033 1991 magno
1049 1934 1140 1995 opere

10 2012 46 2067 zo
68 1999 239 2080 quaerenda
254 1997 473 2059 arbitraremur.

153 2085 230 2145 Sunt
244 2083 325 2144 enim
339 2091 429 2156 certa,
445 2101 520 2162 quae
540 2084 578 2144 de
600 2091 789 2161 paupertate,
810 2092 900 2156 certa,
923 2102 998 2162 quae
1019 2085 1056 2145 de
1079 2085 1136 2147 vita
1152 2093 1192 2150 at

66 2171 246 2233 inhonorata
258 2177 287 2229 et
298 2167 424 2248 ingloria
436 2167 493 2229 dici
509 2169 637 2242 soleaut3
653 2167 810 2248 separatim
826 2176 923 2229 certae
938 2170 1055 2231 scholae
1071 2180 1141 2233 sunt

67 2255 105 2317 de
120 2254 237 2328 exsilio,
253 2253 289 2314 de
304 2251 426 2314 interitu
440 2253 561 2333 patriae,
577 2253 613 2314 de
629 2253 780 2325 servitute,
796 2252 832 2314 de
848 2253 1006 2330 debilitate,
1021 2256 1057 2316 de
1072 2275 1140 2318 cae-

104 2392 127 2443 1.
138 2404 187 2440 auo
199 2388 311 2453 iudicio,
323 2386 375 2452 vgl.
388 2388 429 2453 28,
444 2388 490 2450 66;
502 2392 582 2438 unten
669 2389 708 2440 14.
720 2402 785 2437 oum
797 2387 877 2452 quod.
887 2386 1061 2455 Vollstindig:
1076 2407 1140 2442 oum

67 2459 139 2522 380.
632 2456 705 2576 iim
728 2455 828 2505 malum
854 2454 908 2519 (ein
935 2458 1140 2510 vermeiutliches

102 2527 126 2578 2.
147 2524 238 2575 eodem
259 2527 341 2574 stam.
370 2521 475 2586 Stoica,
495 2521 581 2586 jurist.
656 2522 708 2584 bel)
725 2525 792 2572 osset
807 2523 907 2573 malum
924 2523 975 2586 (eiu
994 2523 1140 2578 wirkiiches

66 2599 140 2645 term.
156 2591 241 2644 tecim.
252 2614 287 2634 =-·
299 2593 463 2653 constitutio,
480 2583 582 2654 στάσις,
632 2579 715 2653 ittet),
725 2590 775 2640 wie
785 2589 847 2640 kurz
857 2590 948 2642 vorher
957 2591 974 2658 8
983 2595 1027 2645 8οε
1038 2596 1083 2642 omi
1091 2599 1140 2644 aut

67 2660 219 2713 bezeichnet
246 2659 295 2712 den
325 2656 501 2725 Standpunkt,
529 2672 581 2708 von
631 2658 732 2710 matum
753 2659 841 2708 videri
861 2658 965 2709 nullum
985 2664 1074 2726 potest
1090 2667 1139 2714 cet.

68 2728 194 2781 welchem
211 2742 258 2778 aus
276 2728 333 2778 eine
347 2725 520 2778 Rechtssaehe
538 2726 582 2776 be·
667 2729 707 2778 to.
716 2730 749 2776 ut
758 2725 906 2776 videremus
915 2726 949 2778 ist
959 2743 1011 2780 von
1024 2729 1142 2782 lidoeuit

67 2795 174 2850 handelt
185 2795 258 2850 wird.
272 2794 329 2860 Vgl.
342 2795 394 2846 Gie.
403 2792 468 2861 Top.
478 2795 520 2858 25,
532 2796 574 2846 93.
633 2799 722 2845 tomen
737 2798 809 2845 ratio
822 2794 963 2861 abhingig:
977 2789 1047 2848 ‘eine
1060 2797 1140 2865 folge-

91 2868 128 2917 ·7.
152 2866 185 2915 ab
209 2865 441 2914 eo-aborrooit.
474 2861 525 2913 Das
542 2877 583 2913 nr·
633 2862 741 2928 richtige
764 2860 936 2929 Betraehtung
964 2865 1008 2916 hat
1033 2880 1081 2917 uns
1107 2882 1139 2918 zu

67 2931 233 2999 sprungliche
251 2929 348 2982 Thema
370 2933 401 2994 (s.
424 2933 450 2994 4,
468 2932 494 2994 7)
516 2945 581 2982 war:
633 2930 678 2982 der
698 2930 813 2982 Einsieht
835 2923 958 2997 gesdhrt';
983 2937 1070 2984 tamen
1087 2950 1140 2987 we·

71 3000 164 3055 doum
181 2999 263 3051 cadat
278 3001 309 3048 in
328 3001 474 3064 capientem
493 3002 583 3062 aegri·
633 3015 682 3065 gen
700 2998 746 3050 der
769 2998 849 3050 durch
867 2999 908 3051 die
934 2999 1140 3054 Zwisehensitze

69 3069 135 3120 tudo
147 3084 237 3120 neena.
268 3066 356 3117 Cicero
375 3066 420 3117 hat
438 3066 499 3118 aber
516 3066 582 3117 nach
632 3066 851 3119 unterbroehenen
876 3067 1060 3120 Konstrulrtiou
1080 3071 1141 3122 wie-

68 3135 226 3202 liriedigung
241 3134 325 3186 dieser
338 3133 418 3200 Frage
436 3134 501 3185 auch
517 3134 582 3186 uber
632 3135 741 3188 derholt.

68 3204 112 3257 die
129 3203 258 3256 Ursachen
281 3202 333 3254 und
354 3201 396 3253 die
412 3201 581 3268 Behandinng
668 3207 708 3258 17.
727 3204 861 3268 opinionis
877 3218 976 3266 more,
996 3203 1048 3270 vgl.
1066 3220 1098 3256 zu
1116 3210 1140 3270 5,

69 3273 115 3325 der
123 3272 266 3338 oegritaedo
276 3270 443 3337 gesprochen.
461 3299 495 3309 —
512 3270 581 3322 Ahn·
633 3275 678 3324 11:
700 3272 911 3321 mediomontani
929 3269 1090 3332 officiorum
1115 3277 1141 3338 2,

69 3340 137 3393 liobe
155 3340 263 3392 Formen
282 3339 327 3392 des
345 3339 448 3390 reditus
468 3338 505 3389 ad
516 3354 582 3404 pro·
632 3342 660 3392 t:
679 3355 773 3390 wreus
789 3353 889 3390 errore.

67 3412 200 3477 positum,
225 3408 251 3459 in
274 3406 399 3458 welchem
425 3409 514 3457 oratio
538 3421 582 3472 ge·
668 3409 709 3460 18.
727 3407 759 3456 id
772 3420 858 3470 geom
871 3405 1059 3469 aegritudinis.
1087 3406 1139 3459 Cic.

70 3476 201 3529 wohniich
215 3473 401 3543 personifiziert
410 3474 483 3539 wird,
495 3473 581 3526 finden
633 3476 712 3527 meint
730 3472 870 3525 besonders
887 3472 928 3524 die
946 3472 1139 3526 Bekdmmernis

69 3546 125 3598 sich
144 3552 223 3597 nuten
241 3542 283 3596 IV.
300 3545 323 3606 2,
337 3547 363 3602 5;
383 3541 414 3593 V.
427 3544 469 3607 23,
486 3544 531 3601 66;
550 3542 582 3594 de
632 3544 696 3594 dher
708 3542 756 3593 den
770 3539 827 3592 'l'od
838 3541 1138 3608 unsererAngehdrigen.

70 3629 108 3666 or.
125 3612 153 3665 11.
171 3615 290 3676 38,157:
310 3611 362 3663 Sed
379 3617 409 3661 act
426 3626 457 3661 oo
474 3627 580 3662 revoce-
632 3610 700 3676 (Vgi.
719 3610 782 3675 Kap.
801 3611 834 3662 26
852 3625 875 3662 u.
895 3610 946 3670 27.)

71 3688 125 3746 tur,
136 3681 208 3732 unde
217 3681 269 3730 duc
279 3678 424 3731 declinavit
432 3682 521 3730 oratio
531 3681 579 3731 cet.
664 3694 756 3729 unum.
777 3674 835 3742 Vgl.
853 3692 885 3728 zu
902 3676 974 3743 1.12,
994 3680 1037 3730 2ἵι
1056 3694 1140 3730 unum

107 3746 580 3813 10.obruaturdiergleichmitder
630 3746 708 3812 ettad,
725 3763 749 3797 u.
767 3744 796 3798 Il.
817 3746 856 3808 18,
873 3747 915 3798 43.

70 3816 170 3870 Weish.
186 3815 384 3880 verschwindet)
403 3819 580 3880 ..appareat
666 3816 705 3867 18.
723 3818 756 3864 ut
772 3842 805 3850 —
823 3829 864 3878 ne,
882 3827 903 3865 s.
916 3829 948 3865 zu
959 3814 978 3867 Ι.
991 3815 1033 3879 32,
1046 3816 1085 3868 78.

70 3887 125 3953 vgl.
136 3885 164 3938 11.
175 3885 274 3949 tto&
293 3887 340 3950 qui
357 3908 391 3930 =
408 3885 506 3950 quippe
523 3886 579 3949 poi.
666 3885 706 3937 22.
724 3883 839 3946 scholae,
856 3881 909 3947 vgi.
926 3881 944 3933 1.
954 3885 1040 3946 4,'tu.
1051 3885 1074 3936 8.

899 3965 937 4018 4*
