2550 4410
450 154 546 209 unns
561 154 605 225 iv.
624 160 648 222 τ,
658 159 698 210 is.
709 159 749 210 io.
1090 155 1131 215 ss

54 329 187 401 vitiosae,
202 328 254 390 sed
269 329 355 390 etiam
369 347 458 407 quam
469 329 500 391 in
516 337 616 389 nostra
632 328 693 389 sint
706 336 860 408 potestate.
883 327 937 390 Est
950 348 1021 409 ergo
1036 334 1133 410 nepai⁶

53 414 125 477 tudo
148 413 250 493 opinio
272 433 379 476 recens
401 414 468 475 mali
489 413 667 494 praesentis,
688 413 718 474 in
737 432 795 492 quo
810 413 923 474 demitti
937 415 1132 494 contrahique

59 498 160 560 animo
172 507 287 560 rectum
305 518 369 561 esse
384 499 526 572 videatur,
540 497 651 560 lanitio
665 498 766 578 opinio
783 517 888 560 recens
903 498 975 559 boni
990 518 1131 579 praesen·

58 584 115 658 tis,
138 584 169 645 in
185 603 245 663 quo
268 585 368 646 ellerri
388 594 502 645 rectum
523 601 587 645 esse
608 583 756 657 rideatur,
780 593 872 645 metas
892 584 992 664 opinio
1016 584 1132 665 impen-

15 680 34 735 1
54 668 154 732 dentis
169 669 253 744 mali,
274 670 354 750 quod
375 668 561 731 intolerabile
583 687 648 729 esse
663 668 809 742 videatur,
831 668 926 731 lubido
942 669 1044 749 opinio
1059 688 1131 731 ven-

55 753 115 817 turi
138 753 225 827 boni‚
247 755 328 834 quod
342 754 381 816 sit
395 773 432 816 ex
445 773 502 816 usu
520 754 579 815 iam
593 771 736 833 praesens
750 771 815 815 esse
830 762 917 832 atque
933 755 1043 816 adesse.
1073 755 1131 816 Sed
1153 761 1183 814 15

56 857 133 920 quae
147 839 254 900 indicia
270 858 402 920 quasque
417 840 574 919 opiniones
588 838 845 919 perturbationum
860 858 924 901 esse
938 839 1007 913 dixi,
1023 859 1084 902 non
1099 842 1131 901 in

58 924 101 987 eis
122 924 363 1004 perturbationes
384 924 480 986 solum
502 923 614 1005 positas
636 927 700 985 esse
724 923 837 996 dicunt,
852 942 953 985 verum
969 925 1018 985 illa
1032 925 1130 997 etiam,

60 1029 137 1091 quae
159 1010 331 1072 efficiuntur
352 1008 642 1089 perturbationibus,
664 1018 697 1070 ut
719 1009 872 1089 aegritudo
894 1010 978 1088 quasi
1000 1028 1131 1072 morsum

10 1102 45 1169 10
65 1095 195 1174 aliquem
217 1094 327 1156 doloris
348 1095 471 1167 efficiat,
491 1104 587 1157 metus
607 1112 756 1156 recessum
773 1095 920 1173 quendam
935 1095 1026 1156 animi
1041 1098 1099 1157 etl
1118 1129 1132 1141 -

56 1199 141 1260 gam,
163 1179 271 1241 laetitia
292 1181 444 1259 prolusarn
468 1180 657 1254 hilaritatem,
679 1177 780 1240 lubido
796 1181 968 1242 elirenatam
984 1191 1129 1261 appeten·

57 1265 140 1326 tiam
157 1264 361 1346 opinationem
372 1274 480 1340 autem,
496 1283 584 1344 quam
599 1264 630 1325 in
647 1265 744 1326 omnis
758 1264 948 1327 definitiones
961 1267 1131 1346 superiores

60 1350 252 1425 inclusimus,
275 1351 379 1412 volunt
399 1370 465 1413 esse
486 1349 661 1412 imbecillam
684 1349 901 1411 adsensionem.
935 1350 992 1411 Sed
1008 1351 1133 1431 singulis
1155 1357 1184 1409 to

60 1434 338 1515 perturbationibus
358 1445 458 1515 partes
477 1436 609 1497 eiusdem
628 1436 747 1514 generis
760 1435 861 1515 plures
876 1435 1077 1511 subiciuntur,
1100 1448 1132 1498 ut

10 1528 37 1603 [i
62 1521 244 1601 aspritudine}
254 1520 413 1582 invidentia
429 1520 629 1583 -utendum
645 1529 690 1581 est
703 1520 782 1581 enim
798 1520 923 1582 docendi
939 1539 1027 1584 cansa
1041 1521 1132 1583 verbo

58 1605 160 1668 minus
175 1605 293 1681 usitato,
308 1607 449 1686 quoniam
464 1606 572 1667 invidia
588 1625 649 1667 non
664 1605 696 1665 in
711 1624 758 1678 eo,
775 1606 826 1684 qui
840 1606 959 1678 inridet,
975 1607 1071 1669 solum
1086 1607 1131 1668 di-

94 1794 117 1843 1.
135 1790 185 1841 Est
202 1805 267 1856 ergo
284 1792 436 1856 aegritudo,
454 1807 474 1843 s.
492 1790 571 1843 zulll.
621 1789 746 1841 letateren
770 1805 821 1842 von
845 1789 884 1840 ibr
910 1789 1022 1843 sondert
1062 1790 1132 1841 Aber

60 1861 102 1923 11,
112 1860 159 1910 25:
171 1863 263 1908 metus.
287 1856 347 1912 lists
359 1859 439 1911 sehon
452 1858 494 1911 die
505 1858 573 1925 grie·
624 1857 675 1909 Cic.
693 1857 728 1910 ist
738 1856 831 1909 nnldm
847 1857 899 1909 ond
910 1857 1049 1910 vermlsebt
1060 1857 1131 1910 diese

58 1926 181 1978 ‘ebiscben
199 1924 316 1991 Onellen,
333 1943 380 1979 aus
391 1926 508 1979 welcben
520 1926 571 1978 Cle.
622 1923 716 1978 beiden
733 1925 873 1977 dnsicbten
891 1926 938 1977 mit
955 1925 1084 1978 einander.

57 1993 197 2061 gescboplt
213 1994 266 2059 bat,
283 1993 325 2048 dle
338 1997 508 2062 perturbatio
526 2010 573 2046 nn·
657 1995 681 2047 8.
698 1994 798 2056 sobam,
817 2009 837 2046 s.
856 2009 887 2046 au
904 1994 922 2045 l.
941 1995 983 2058 27,
1008 1996 1052 2047 db:
1074 1995 1132 2045 sata

57 2061 188 2115 mittelbar
199 2062 238 2114 als
251 2062 308 2115 eine
319 2066 410 2130 opinio
422 2063 573 2115 bezeichne·
623 2062 723 2113 divine

57 2136 111 2194 ten,
129 2129 194 2182 wird
207 2145 252 2182 ans
263 2130 376 2186 Andron.
389 2131 471 2183 Rbod.
483 2148 509 2198 p.
522 2133 571 2186 523
659 2132 699 2183 10.
725 2145 856 2182 recessum
878 2159 910 2168 -
932 2135 959 2180 et
979 2128 1076 2196 sugam
1098 2157 1132 2176 =

57 2197 286 2251 wabrsebeinlicb:
299 2196 396 2263 idern,
409 2195 477 2260 δόξα
489 2196 572 2268 πρόσ-
623 2201 834 2250 contractionem
864 2204 966 2263 animi,
997 2196 1132 2264 συστολὴν

57 2281 150 2336 panos„
171 2268 281 2330 (reeens)
306 2268 389 2320 κακοῦ
416 2271 572 2332 παρουσίας,
623 2267 670 2331 τῆς
684 2266 775 2332 ψυχῆς·

58 2328 107 2403 ἐφ’
127 2331 150 2398 ᾧ
171 2333 276 2386 οἴονται
296 2331 354 2388 δεῖν
373 2330 573 2387 συστέλλεσθαι
660 2344 699 2395 12.
728 2343 866 2409 opinatio,
892 2360 943 2397 von
968 2346 1055 2398 Cicero
1081 2363 1131 2399 neu

57 2404 222 2497 (confratib-
233 2398 348 2468 ἡδονή,
364 2399 432 2465 δόξα
445 2401 573 2496 prpdapa·
625 2409 747 2490 geblldet,
768 2410 859 2494 drdclst
877 2412 965 2464 besser
983 2413 1021 2497 alp
1036 2418 1130 2494 ‘opinio

55 2477 572 2612 titt.³ttttttttt.t.tttt
620 2476 1003 2613 itli‘tdttttt‘ti.
1018 2479 1132 2601 itti

56 2631 150 2668 reeens
165 2615 218 2680 vgl.
240 2615 279 2668 lll.
299 2619 343 2681 11,
367 2618 399 2669 25
417 2633 442 2668 n.
463 2620 510 2682 31,
528 2619 570 2677 753
625 2617 665 2674 11,
686 2615 727 2665 26.

56 2699 90 2735 zu
108 2688 211 2734 rectum
227 2683 265 2736 lil.
285 2685 326 2746 21,
344 2686 385 2737 64.
659 2684 699 2734 13.
718 2682 877 2733 imbecillam
893 2683 1023 2747 (haltlosel
1039 2685 1132 2737 adsen-

94 2753 119 2804 d.
137 2751 211 2818 quod
225 2755 263 2802 sit
278 2768 314 2803 ece
333 2768 384 2802 usu
400 2778 435 2798 =
452 2770 477 2820 q.
494 2768 575 2818 espe-
622 2753 732 2813 riunena,
744 2750 884 2816 griechisclr
899 2745 1019 2816 ἀσθενὴς
1035 2770 1132 2825 συγκα-

59 2821 133 2883 diat,·
155 2835 284 2885 praeseus
304 2837 358 2870 esse
375 2826 457 2887 atque
474 2821 574 2883 adesse,
622 2814 745 2871 τάθοσις.
772 2818 830 2884 Vgl.
847 2819 925 2872 Aead.
938 2819 955 2874 l.
971 2825 1011 2884 11,
1024 2825 1069 2875 tt:
1081 2824 1132 2874 Em

58 2903 105 2940 zur
140 2887 399 2940 nachdruelrlieberen
433 2888 575 2941 llervorbe-
624 2903 713 2938 rorem
740 2893 827 2938 autam
854 2892 881 2938 et
906 2893 1080 2942 temeritatem
1106 2896 1132 2941 et

58 2955 130 3022 bung
154 2955 199 3007 der
216 2955 310 3008 Sacbe:
333 2949 511 3010 ‘nnmittelbar
531 2972 576 3023 ge-
625 2958 809 3021 ignorantiam
841 2961 868 3006 et
893 2961 1132 3023 opinationem

60 3024 205 3090 genwirtig
222 3020 295 3076 sein'.
626 3028 653 3072 et
680 3027 857 3090 suspicionem
887 3029 913 3074 et
941 3042 995 3076 iano
1024 3031 1132 3078 nomine

94 3091 150 3143 Sed
166 3107 234 3157 quae
250 3093 353 3143 iudicia
377 3098 425 3145 cet.
449 3092 500 3146 Cic.
520 3092 574 3144 will
625 3098 723 3156 omnia,
741 3109 810 3159 quae
824 3098 909 3143 essent
926 3094 1046 3145 aliena
1062 3093 1132 3155 sir-

59 3159 116 3212 bier
134 3160 180 3211 aul
194 3159 243 3211 den
259 3159 426 3213 Unterscbied
444 3161 573 3213 zwiscben
623 3176 692 3211 mae
709 3165 740 3210 at
752 3164 940 3211 constantis
958 3162 1132 3213 adsensio-

59 3228 105 3281 der
121 3227 230 3280 Ansicbt
247 3228 387 3308 Chrysipps
408 3228 459 3280 und
478 3228 522 3280 der
537 3229 573 3281 il·
623 3231 679 3279 nis
695 3228 730 3289 (d.
748 3228 765 3280 i.
789 3224 988 3297 συγκατάθεσις
1010 3224 1133 3299 ἀσφαλὴς

60 3302 134 3349 teren
157 3294 259 3348 Stoilser
281 3296 436 3359 mommsen,
459 3297 572 3349 insotern
623 3298 669 3347 nai
690 3291 885 3362 ἀμετάπτωτος
907 3296 969 3348 oder
989 3295 1132 3364 ἐπιστήμη)

59 3364 132 3417 diese
149 3362 191 3415 die
204 3367 377 3430 perturbatio
389 3380 441 3416 von
459 3364 503 3416 der
515 3367 572 3431 opi·
623 3382 639 3415 a
649 3366 749 3414 uirtute
759 3366 943 3430 sapientiaque
952 3365 1040 3431 (Zeno)
1049 3382 1133 3417 mmo-

58 3436 107 3484 nio
116 3432 312 3486 nnterscbieden
324 3432 375 3485 und
385 3433 423 3485 als
433 3433 482 3484 den
492 3432 572 3485 durch
623 3434 707 3483 vebat.

57 3501 98 3552 sie
114 3499 346 3567 hervorgerutenen
356 3500 572 3553 Gemdtsznstand
659 3502 699 3552 15.
710 3501 859 3550 invidentia
870 3491 1067 3562 ‘Sebeelsucbt'‚
1085 3501 1133 3552 mit

57 3566 376 3635 (Niedergeschlagenbeit
386 3565 503 3633 συστολὴ
520 3568 571 3621 und
623 3567 757 3619 derselben
775 3566 938 3633 Bemerliung
954 3567 1035 3620 sehon
1050 3569 1088 3620 lll.
1107 3571 1132 3632 9,

56 3637 192 3702 Erregnng
222 3640 344 3709 ἔπαρσις)
379 3638 571 3700 bezeicbneten,
624 3638 664 3689 20.

57 3704 184 3756 wibrend
208 3706 282 3769 jener
308 3705 350 3758 die
376 3708 468 3772 opinio
490 3703 571 3757 selbst
659 3706 697 3757 16.
715 3706 746 3753 in
763 3721 793 3755 eo
818 3733 848 3741 -
869 3704 978 3756 dicitnr.
1013 3703 1070 3769 Vgl.
1094 3704 1132 3761 lll.

58 3772 142 3826 sebon
161 3772 201 3824 lirr
219 3772 260 3825 die
274 3773 453 3839 Leidenscbalt
470 3774 571 3826 ansiebt
623 3774 720 3837 tuot:
739 3775 768 3823 in
786 3789 838 3838 quo
855 3771 973 3833 facetum
989 3772 1060 3824 illud
1070 3772 1133 3825 Bio-

57 3840 114 3896 und
143 3842 221 3893 somit
249 3841 291 3894 die
317 3841 493 3908 Anisernngen
525 3841 571 3894 der
621 3843 730 3905 nis(sc.
750 3841 925 3905 dictumest).
