<?xml version="1.0" encoding="UTF-8"?>
<!DOCTYPE html PUBLIC "-//W3C//DTD XHTML 1.0 Transitional//EN"
    "http://www.w3.org/TR/xhtml1/DTD/xhtml1-transitional.dtd">
<html xmlns="http://www.w3.org/1999/xhtml" xml:lang="en" lang="en">
 <head>
  <title>
</title>
<meta http-equiv="Content-Type" content="text/html;charset=utf-8" />
  <meta name='ocr-system' content='tesseract 3.04.00' />
  <meta name='ocr-capabilities' content='ocr_page ocr_carea ocr_par ocr_line ocrx_word'/>
</head>
<body>
  <div class='ocr_page' id='page_1' title='image "./tusculanarumdis00cicegoog_0253.png"; bbox 0 0 2550 4410; ppageno 0'>
   <div class='ocr_carea' id='block_1_1' title="bbox 160 158 833 224">
    <p class='ocr_par' dir='ltr' id='par_1_1' title="bbox 160 158 833 224">
     <span class='ocr_line' id='line_1_1' title="bbox 160 158 833 224; baseline -0.009 -6"><span class='ocrx_word' id='word_1_1' title='bbox 160 160 201 218; x_wconf 83' lang='lat'><strong>94</strong></span> <span class='ocrx_word' id='word_1_2' title='bbox 568 159 664 213; x_wconf 84' lang='lat' dir='ltr'>LIBER</span> <span class='ocrx_word' id='word_1_3' title='bbox 679 158 721 214; x_wconf 87' lang='lat' dir='ltr'><strong>lV.</strong></span> <span class='ocrx_word' id='word_1_4' title='bbox 740 162 781 224; x_wconf 82' lang='lat'><strong>31,</strong></span> <span class='ocrx_word' id='word_1_5' title='bbox 790 161 833 213; x_wconf 77' lang='grc'><strong>61.</strong></span> 
     </span>
    </p>
   </div>
   <div class='ocr_carea' id='block_1_2' title="bbox 104 330 1269 2186">
    <p class='ocr_par' dir='ltr' id='par_1_2' title="bbox 104 330 1269 1693">
     <span class='ocr_line' id='line_1_2' title="bbox 159 330 1232 413; baseline -0.002 -19"><span class='ocrx_word' id='word_1_6' title='bbox 159 334 243 396; x_wconf 83' lang='lat' dir='ltr'><strong>adfici</strong></span> <span class='ocrx_word' id='word_1_7' title='bbox 259 352 346 413; x_wconf 85' lang='lat' dir='ltr'><strong>posse</strong></span> <span class='ocrx_word' id='word_1_8' title='bbox 361 332 567 413; x_wconf 81' lang='lat' dir='ltr'><strong>insipientem,</strong></span> <span class='ocrx_word' id='word_1_9' title='bbox 589 333 668 413; x_wconf 93' lang='lat' dir='ltr'><strong>quod</strong></span> <span class='ocrx_word' id='word_1_10' title='bbox 685 333 757 394; x_wconf 91' lang='lat' dir='ltr'><strong>nihil</strong></span> <span class='ocrx_word' id='word_1_11' title='bbox 773 350 914 411; x_wconf 89' lang='lat' dir='ltr'><strong>nmquam</strong></span> <span class='ocrx_word' id='word_1_12' title='bbox 930 330 1064 394; x_wconf 91' lang='lat' dir='ltr'><strong>haberet</strong></span> <span class='ocrx_word' id='word_1_13' title='bbox 1080 330 1166 393; x_wconf 86' lang='lat' dir='ltr'><strong>boni.</strong></span> <span class='ocrx_word' id='word_1_14' title='bbox 1192 331 1232 393; x_wconf 87' lang='lat' dir='ltr'><strong>Sed</strong></span> 
     </span>
     <span class='ocr_line' id='line_1_3' title="bbox 158 416 1232 499; baseline -0.003 -19"><span class='ocrx_word' id='word_1_15' title='bbox 158 420 309 499; x_wconf 91' lang='lat' dir='ltr'><strong>loquimur</strong></span> <span class='ocrx_word' id='word_1_16' title='bbox 324 439 406 480; x_wconf 89' lang='lat' dir='ltr'><strong>nuno</strong></span> <span class='ocrx_word' id='word_1_17' title='bbox 421 437 504 480; x_wconf 91' lang='lat' dir='ltr'><strong>mare</strong></span> <span class='ocrx_word' id='word_1_18' title='bbox 527 419 688 479; x_wconf 89' lang='lat' dir='ltr'><strong>communi.</strong></span> <span class='ocrx_word' id='word_1_19' title='bbox 717 418 784 479; x_wconf 89' lang='lat' dir='ltr'><strong>Sint</strong></span> <span class='ocrx_word' id='word_1_20' title='bbox 804 437 875 479; x_wconf 90' lang='lat' dir='ltr'><strong>sane</strong></span> <span class='ocrx_word' id='word_1_21' title='bbox 896 419 953 480; x_wconf 92' lang='lat' dir='ltr'><strong>ista</strong></span> <span class='ocrx_word' id='word_1_22' title='bbox 974 416 1080 490; x_wconf 89' lang='lat' dir='ltr'><strong>bona,</strong></span> <span class='ocrx_word' id='word_1_23' title='bbox 1105 435 1180 496; x_wconf 89' lang='lat' dir='ltr'><strong>quae</strong></span> <span class='ocrx_word' id='word_1_24' title='bbox 1192 437 1232 497; x_wconf 88' lang='lat' dir='ltr'><strong>pn·</strong></span> 
     </span>
     <span class='ocr_line' id='line_1_4' title="bbox 158 502 1232 583; baseline -0.002 -17"><span class='ocrx_word' id='word_1_25' title='bbox 158 517 276 575; x_wconf 87' lang='lat' dir='ltr'><strong>tantur,</strong></span> <span class='ocrx_word' id='word_1_26' title='bbox 296 507 443 576; x_wconf 81' lang='lat' dir='ltr'><strong>honores,</strong></span> <span class='ocrx_word' id='word_1_27' title='bbox 465 504 593 578; x_wconf 85' lang='lat' dir='ltr'><strong>divitiae,</strong></span> <span class='ocrx_word' id='word_1_28' title='bbox 608 504 788 583; x_wconf 85' lang='lat' dir='ltr'><strong>voluptates,</strong></span> <span class='ocrx_word' id='word_1_29' title='bbox 805 513 918 577; x_wconf 86' lang='lat' dir='ltr'><strong>cetera,</strong></span> <span class='ocrx_word' id='word_1_30' title='bbox 933 513 1041 564; x_wconf 90' lang='lat' dir='ltr'><strong>tamen</strong></span> <span class='ocrx_word' id='word_1_31' title='bbox 1064 503 1098 563; x_wconf 95' lang='lat' dir='ltr'><strong>in</strong></span> <span class='ocrx_word' id='word_1_32' title='bbox 1124 502 1166 564; x_wconf 91' lang='lat' dir='ltr'><strong>eis</strong></span> <span class='ocrx_word' id='word_1_33' title='bbox 1179 503 1232 583; x_wconf 88' lang='lat' dir='ltr'><strong>ipsis</strong></span> 
     </span>
     <span class='ocr_line' id='line_1_5' title="bbox 157 588 1232 671; baseline -0.002 -21"><span class='ocrx_word' id='word_1_34' title='bbox 157 591 310 671; x_wconf 82' lang='lat' dir='ltr'><strong>potiundis</strong></span> <span class='ocrx_word' id='word_1_35' title='bbox 325 591 474 652; x_wconf 78' lang='lat' dir='ltr'><strong>exsultans</strong></span> <span class='ocrx_word' id='word_1_36' title='bbox 495 590 684 667; x_wconf 81' lang='lat' dir='ltr'><strong>gestiensque</strong></span> <span class='ocrx_word' id='word_1_37' title='bbox 699 588 806 650; x_wconf 85' lang='lat' dir='ltr'><strong>laetitia</strong></span> <span class='ocrx_word' id='word_1_38' title='bbox 828 590 925 669; x_wconf 89' lang='lat' dir='ltr'><strong>turpis</strong></span> <span class='ocrx_word' id='word_1_39' title='bbox 947 598 1011 664; x_wconf 89' lang='lat' dir='ltr'><strong>est,</strong></span> <span class='ocrx_word' id='word_1_40' title='bbox 1035 598 1089 663; x_wconf 91' lang='lat' dir='ltr'><strong>ut,</strong></span> <span class='ocrx_word' id='word_1_41' title='bbox 1114 588 1139 649; x_wconf 91' lang='lat' dir='ltr'><strong>si</strong></span> <span class='ocrx_word' id='word_1_42' title='bbox 1153 588 1232 649; x_wconf 88' lang='lat' dir='ltr'><strong>ridere</strong></span> 
     </span>
     <span class='ocr_line' id='line_1_6' title="bbox 159 673 1269 754; baseline -0.004 -17"><span class='ocrx_word' id='word_1_43' title='bbox 159 695 332 738; x_wconf 89' lang='lat' dir='ltr'><strong>concessum</strong></span> <span class='ocrx_word' id='word_1_44' title='bbox 355 678 408 749; x_wconf 88' lang='lat' dir='ltr'><strong>sit,</strong></span> <span class='ocrx_word' id='word_1_45' title='bbox 430 675 613 754; x_wconf 79' lang='lat' dir='ltr'><strong>vituperetur</strong></span> <span class='ocrx_word' id='word_1_46' title='bbox 642 683 739 735; x_wconf 91' lang='lat' dir='ltr'><strong>tamen</strong></span> <span class='ocrx_word' id='word_1_47' title='bbox 772 675 970 735; x_wconf 88' lang='lat' dir='ltr'><strong>cachinnatio.</strong></span> <span class='ocrx_word' id='word_1_48' title='bbox 1016 673 1141 735; x_wconf 82' lang='lat' dir='ltr'><strong>Eodem</strong></span> <span class='ocrx_word' id='word_1_49' title='bbox 1167 673 1269 734; x_wconf 76' lang='lat' dir='ltr'><strong>enini.</strong></span> 
     </span>
     <span class='ocr_line' id='line_1_7' title="bbox 157 759 1229 839; baseline -0.002 -18"><span class='ocrx_word' id='word_1_50' title='bbox 157 763 227 824; x_wconf 85' lang='lat' dir='ltr'><strong>ritio</strong></span> <span class='ocrx_word' id='word_1_51' title='bbox 242 773 287 823; x_wconf 89' lang='lat' dir='ltr'><strong>est</strong></span> <span class='ocrx_word' id='word_1_52' title='bbox 299 761 402 822; x_wconf 84' lang='lat' dir='ltr'><strong>effusio</strong></span> <span class='ocrx_word' id='word_1_53' title='bbox 414 760 505 821; x_wconf 91' lang='lat' dir='ltr'><strong>animi</strong></span> <span class='ocrx_word' id='word_1_54' title='bbox 517 761 547 820; x_wconf 90' lang='lat' dir='ltr'><strong>in</strong></span> <span class='ocrx_word' id='word_1_55' title='bbox 559 759 677 833; x_wconf 89' lang='lat' dir='ltr'><strong>laetitia,</strong></span> <span class='ocrx_word' id='word_1_56' title='bbox 694 778 754 839; x_wconf 93' lang='lat' dir='ltr'><strong>qno</strong></span> <span class='ocrx_word' id='word_1_57' title='bbox 765 761 796 820; x_wconf 96' lang='lat' dir='ltr'><strong>in</strong></span> <span class='ocrx_word' id='word_1_58' title='bbox 809 759 912 820; x_wconf 93' lang='lat' dir='ltr'><strong>dolore</strong></span> <span class='ocrx_word' id='word_1_59' title='bbox 924 760 1114 833; x_wconf 88' lang='lat' dir='ltr'><strong>contractio,</strong></span> <span class='ocrx_word' id='word_1_60' title='bbox 1130 759 1229 820; x_wconf 80' lang='lat' dir='ltr'><strong>eadem</strong></span> 
     </span>
     <span class='ocr_line' id='line_1_8' title="bbox 158 843 1229 926; baseline -0.003 -18"><span class='ocrx_word' id='word_1_61' title='bbox 158 866 215 926; x_wconf 92' lang='lat' dir='ltr'><strong>qne</strong></span> <span class='ocrx_word' id='word_1_62' title='bbox 231 847 346 908; x_wconf 87' lang='lat' dir='ltr'><strong>levitate</strong></span> <span class='ocrx_word' id='word_1_63' title='bbox 362 846 506 924; x_wconf 89' lang='lat' dir='ltr'><strong>cupiditas</strong></span> <span class='ocrx_word' id='word_1_64' title='bbox 522 854 567 906; x_wconf 91' lang='lat' dir='ltr'><strong>est</strong></span> <span class='ocrx_word' id='word_1_65' title='bbox 581 845 613 906; x_wconf 93' lang='lat' dir='ltr'><strong>in</strong></span> <span class='ocrx_word' id='word_1_66' title='bbox 622 846 813 925; x_wconf 84' lang='lat' dir='ltr'><strong>appetendo,</strong></span> <span class='ocrx_word' id='word_1_67' title='bbox 836 864 894 923; x_wconf 90' lang='lat' dir='ltr'><strong>qua</strong></span> <span class='ocrx_word' id='word_1_68' title='bbox 909 844 1023 906; x_wconf 91' lang='lat' dir='ltr'><strong>laetitia</strong></span> <span class='ocrx_word' id='word_1_69' title='bbox 1048 845 1083 906; x_wconf 93' lang='lat' dir='ltr'><strong>in</strong></span> <span class='ocrx_word' id='word_1_70' title='bbox 1106 843 1229 916; x_wconf 78' lang='lat' dir='ltr'><strong>fruenda</strong></span> 
     </span>
     <span class='ocr_line' id='line_1_9' title="bbox 157 930 1229 1007; baseline -0.004 -13"><span class='ocrx_word' id='word_1_71' title='bbox 157 945 195 1007; x_wconf 87' lang='lat' dir='ltr'><strong>et,</strong></span> <span class='ocrx_word' id='word_1_72' title='bbox 212 943 245 994; x_wconf 92' lang='lat' dir='ltr'><strong>nt</strong></span> <span class='ocrx_word' id='word_1_73' title='bbox 260 933 348 993; x_wconf 90' lang='lat' dir='ltr'><strong>nimis</strong></span> <span class='ocrx_word' id='word_1_74' title='bbox 363 930 471 991; x_wconf 87' lang='lat' dir='ltr'><strong>adflicti</strong></span> <span class='ocrx_word' id='word_1_75' title='bbox 485 931 635 1004; x_wconf 92' lang='lat' dir='ltr'><strong>molestia,</strong></span> <span class='ocrx_word' id='word_1_76' title='bbox 650 932 693 992; x_wconf 90' lang='lat' dir='ltr'><strong>sie</strong></span> <span class='ocrx_word' id='word_1_77' title='bbox 709 931 796 992; x_wconf 91' lang='lat' dir='ltr'><strong>nimis</strong></span> <span class='ocrx_word' id='word_1_78' title='bbox 812 931 881 992; x_wconf 92' lang='lat' dir='ltr'><strong>elati</strong></span> <span class='ocrx_word' id='word_1_79' title='bbox 894 930 1005 991; x_wconf 88' lang='lat' dir='ltr'><strong>laetitia</strong></span> <span class='ocrx_word' id='word_1_80' title='bbox 1023 930 1096 992; x_wconf 90' lang='lat' dir='ltr'><strong>iure</strong></span> <span class='ocrx_word' id='word_1_81' title='bbox 1110 930 1229 991; x_wconf 88' lang='lat' dir='ltr'><strong>indican-</strong></span> 
     </span>
     <span class='ocr_line' id='line_1_10' title="bbox 155 1014 1228 1095; baseline -0.003 -17"><span class='ocrx_word' id='word_1_82' title='bbox 155 1029 206 1080; x_wconf 81' lang='lat' dir='ltr'><strong>tnr</strong></span> <span class='ocrx_word' id='word_1_83' title='bbox 220 1018 308 1078; x_wconf 89' lang='lat' dir='ltr'><strong>leves.</strong></span> <span class='ocrx_word' id='word_1_84' title='bbox 340 1016 460 1076; x_wconf 87' lang='lat' dir='ltr'><strong>Etcum</strong></span> <span class='ocrx_word' id='word_1_85' title='bbox 476 1015 607 1077; x_wconf 89' lang='lat' dir='ltr'><strong>invidere</strong></span> <span class='ocrx_word' id='word_1_86' title='bbox 623 1016 816 1095; x_wconf 88' lang='lat' dir='ltr'><strong>aegritudinis</strong></span> <span class='ocrx_word' id='word_1_87' title='bbox 831 1017 882 1088; x_wconf 91' lang='lat' dir='ltr'><strong>sit,</strong></span> <span class='ocrx_word' id='word_1_88' title='bbox 904 1015 988 1076; x_wconf 91' lang='lat' dir='ltr'><strong>malis</strong></span> <span class='ocrx_word' id='word_1_89' title='bbox 1012 1023 1119 1077; x_wconf 91' lang='lat' dir='ltr'><strong>autem</strong></span> <span class='ocrx_word' id='word_1_90' title='bbox 1141 1014 1228 1077; x_wconf 86' lang='lat' dir='ltr'><strong>alienis</strong></span> 
     </span>
     <span class='ocr_line' id='line_1_11' title="bbox 155 1100 1254 1181; baseline -0.001 -20"><span class='ocrx_word' id='word_1_91' title='bbox 155 1102 337 1181; x_wconf 78' lang='lat' dir='ltr'><strong>voluptatem</strong></span> <span class='ocrx_word' id='word_1_92' title='bbox 360 1119 464 1180; x_wconf 85' lang='lat' dir='ltr'><strong>capere</strong></span> <span class='ocrx_word' id='word_1_93' title='bbox 492 1101 634 1176; x_wconf 89' lang='lat' dir='ltr'><strong>laetitiae,</strong></span> <span class='ocrx_word' id='word_1_94' title='bbox 656 1111 818 1181; x_wconf 86' lang='lat' dir='ltr'><strong>utrumque</strong></span> <span class='ocrx_word' id='word_1_95' title='bbox 846 1101 1033 1161; x_wconf 82' lang='lat' dir='ltr'><strong>immanitate</strong></span> <span class='ocrx_word' id='word_1_96' title='bbox 1066 1110 1098 1162; x_wconf 89' lang='lat' dir='ltr'><strong>et</strong></span> <span class='ocrx_word' id='word_1_97' title='bbox 1127 1100 1254 1162; x_wconf 85' lang='lat' dir='ltr'><strong>feritatett</strong></span> 
     </span>
     <span class='ocr_line' id='line_1_12' title="bbox 157 1185 1226 1266; baseline 0 -19"><span class='ocrx_word' id='word_1_98' title='bbox 157 1189 282 1266; x_wconf 90' lang='lat' dir='ltr'><strong>quadam</strong></span> <span class='ocrx_word' id='word_1_99' title='bbox 301 1185 498 1266; x_wconf 87' lang='lat' dir='ltr'><strong>proponenda</strong></span> <span class='ocrx_word' id='word_1_100' title='bbox 520 1187 655 1265; x_wconf 87' lang='lat' dir='ltr'><strong>castigari</strong></span> <span class='ocrx_word' id='word_1_101' title='bbox 675 1187 759 1248; x_wconf 89' lang='lat' dir='ltr'><strong>solet.</strong></span> <span class='ocrx_word' id='word_1_102' title='bbox 794 1188 889 1265; x_wconf 80' lang='lat' dir='ltr'><strong>Atque</strong></span> <span class='ocrx_word' id='word_1_103' title='bbox 909 1196 943 1247; x_wconf 96' lang='lat' dir='ltr'><strong>ut</strong></span> <span class='ocrx_word' id='word_1_104' title='bbox 960 1185 1128 1265; x_wconf 86' lang='lat' dir='ltr'><strong>providere</strong></span> <span class='ocrx_word' id='word_1_105' title='bbox 1147 1185 1226 1259; x_wconf 73' lang='lat' dir='ltr'><strong>decet</strong></span> 
     </span>
     <span class='ocr_line' id='line_1_13' title="bbox 156 1271 1225 1354; baseline 0 -22"><span class='ocrx_word' id='word_1_106' title='bbox 156 1274 260 1333; x_wconf 89' lang='lat' dir='ltr'><strong>timere</strong></span> <span class='ocrx_word' id='word_1_107' title='bbox 277 1291 338 1332; x_wconf 95' lang='lat' dir='ltr'><strong>non</strong></span> <span class='ocrx_word' id='word_1_108' title='bbox 354 1272 451 1345; x_wconf 88' lang='lat' dir='ltr'><strong>decet,</strong></span> <span class='ocrx_word' id='word_1_109' title='bbox 467 1271 509 1332; x_wconf 90' lang='lat' dir='ltr'><strong>sia</strong></span> <span class='ocrx_word' id='word_1_110' title='bbox 524 1272 653 1351; x_wconf 89' lang='lat' dir='ltr'><strong>gaudere</strong></span> <span class='ocrx_word' id='word_1_111' title='bbox 667 1271 764 1354; x_wconf 86' lang='lat' dir='ltr'><strong>decet,</strong></span> <span class='ocrx_word' id='word_1_112' title='bbox 780 1272 882 1333; x_wconf 89' lang='lat' dir='ltr'><strong>laetari</strong></span> <span class='ocrx_word' id='word_1_113' title='bbox 898 1290 959 1332; x_wconf 94' lang='lat' dir='ltr'><strong>non</strong></span> <span class='ocrx_word' id='word_1_114' title='bbox 976 1272 1082 1344; x_wconf 84' lang='lat' dir='ltr'><strong>decet,</strong></span> <span class='ocrx_word' id='word_1_115' title='bbox 1100 1271 1225 1351; x_wconf 88' lang='lat' dir='ltr'><strong>quonian</strong></span> 
     </span>
     <span class='ocr_line' id='line_1_14' title="bbox 104 1355 1224 1436; baseline -0.002 -18"><span class='ocrx_word' id='word_1_116' title='bbox 104 1370 132 1420; x_wconf 75' lang='lat' dir='ltr'><strong>oi</strong></span> <span class='ocrx_word' id='word_1_117' title='bbox 154 1358 281 1418; x_wconf 88' lang='lat' dir='ltr'><strong>docendi</strong></span> <span class='ocrx_word' id='word_1_118' title='bbox 297 1375 383 1418; x_wconf 89' lang='lat' dir='ltr'><strong>nausa</strong></span> <span class='ocrx_word' id='word_1_119' title='bbox 399 1375 415 1417; x_wconf 92' lang='lat' dir='ltr'><strong>a</strong></span> <span class='ocrx_word' id='word_1_120' title='bbox 430 1357 536 1435; x_wconf 90' lang='lat' dir='ltr'><strong>gaudio</strong></span> <span class='ocrx_word' id='word_1_121' title='bbox 558 1357 696 1418; x_wconf 89' lang='lat' dir='ltr'><strong>laetitiam</strong></span> <span class='ocrx_word' id='word_1_122' title='bbox 718 1357 936 1436; x_wconf 83' lang='lat' dir='ltr'><strong>distinguimus.</strong></span> <span class='ocrx_word' id='word_1_123' title='bbox 967 1355 1048 1417; x_wconf 92' lang='lat' dir='ltr'><strong>lllud</strong></span> <span class='ocrx_word' id='word_1_124' title='bbox 1070 1356 1132 1417; x_wconf 91' lang='lat' dir='ltr'><strong>iam</strong></span> <span class='ocrx_word' id='word_1_125' title='bbox 1153 1374 1224 1436; x_wconf 90' lang='lat' dir='ltr'><strong>supra</strong></span> 
     </span>
     <span class='ocr_line' id='line_1_15' title="bbox 155 1443 1224 1521; baseline 0.001 -19"><span class='ocrx_word' id='word_1_126' title='bbox 155 1443 290 1517; x_wconf 82' lang='lat' dir='ltr'><strong>diximus,</strong></span> <span class='ocrx_word' id='word_1_127' title='bbox 308 1443 543 1503; x_wconf 90' lang='lat' dir='ltr'><strong>contractionem</strong></span> <span class='ocrx_word' id='word_1_128' title='bbox 560 1443 650 1502; x_wconf 89' lang='lat' dir='ltr'><strong>animi</strong></span> <span class='ocrx_word' id='word_1_129' title='bbox 666 1452 745 1503; x_wconf 86' lang='lat' dir='ltr'><strong>recte</strong></span> <span class='ocrx_word' id='word_1_130' title='bbox 762 1443 825 1503; x_wconf 84' lang='lat' dir='ltr'><strong>fieri</strong></span> <span class='ocrx_word' id='word_1_131' title='bbox 841 1459 1007 1520; x_wconf 91' lang='lat' dir='ltr'><strong>numquam</strong></span> <span class='ocrx_word' id='word_1_132' title='bbox 1018 1460 1124 1521; x_wconf 91' lang='lat' dir='ltr'><strong>posse,</strong></span> <span class='ocrx_word' id='word_1_133' title='bbox 1140 1443 1224 1503; x_wconf 83' lang='lat' dir='ltr'><strong>elatio</strong></span> 
     </span>
     <span class='ocr_line' id='line_1_16' title="bbox 155 1526 1256 1607; baseline -0.004 -18"><span class='ocrx_word' id='word_1_134' title='bbox 155 1547 223 1589; x_wconf 92' lang='lat' dir='ltr'><strong>nem</strong></span> <span class='ocrx_word' id='word_1_135' title='bbox 238 1546 335 1607; x_wconf 86' lang='lat' dir='ltr'><strong>posse.</strong></span> <span class='ocrx_word' id='word_1_136' title='bbox 365 1528 458 1588; x_wconf 80' lang='lat' dir='ltr'><strong>Aliter</strong></span> <span class='ocrx_word' id='word_1_137' title='bbox 473 1528 552 1587; x_wconf 90' lang='lat' dir='ltr'><strong>enim</strong></span> <span class='ocrx_word' id='word_1_138' title='bbox 566 1528 731 1589; x_wconf 88' lang='lat' dir='ltr'><strong>Naevianus</strong></span> <span class='ocrx_word' id='word_1_139' title='bbox 746 1528 796 1588; x_wconf 94' lang='lat' dir='ltr'><strong>ille</strong></span> <span class='ocrx_word' id='word_1_140' title='bbox 811 1527 918 1607; x_wconf 89' lang='lat' dir='ltr'><strong>gaudet</strong></span> <span class='ocrx_word' id='word_1_141' title='bbox 933 1526 1063 1587; x_wconf 87' lang='lat' dir='ltr'><strong>Hector:</strong></span> <span class='ocrx_word' id='word_1_142' title='bbox 1237 1534 1256 1585; x_wconf 83' lang='lat' dir='ltr'><strong>t</strong></span> 
     </span>
     <span class='ocr_line' id='line_1_17' title="bbox 238 1613 1098 1693; baseline -0.002 -18"><span class='ocrx_word' id='word_1_143' title='bbox 238 1613 342 1675; x_wconf 77' lang='lat' dir='ltr'><strong>lae&#39;tus</strong></span> <span class='ocrx_word' id='word_1_144' title='bbox 355 1633 420 1674; x_wconf 83' lang='lat' dir='ltr'><strong>sum</strong></span> <span class='ocrx_word' id='word_1_145' title='bbox 435 1613 553 1674; x_wconf 81' lang='lat' dir='ltr'><strong>laudari</strong></span> <span class='ocrx_word' id='word_1_146' title='bbox 565 1633 609 1674; x_wconf 90' lang='lat' dir='ltr'><strong>me</strong></span> <span class='ocrx_word' id='word_1_147' title='bbox 624 1613 673 1674; x_wconf 79' lang='lat' dir='ltr'><strong>aba</strong></span> <span class='ocrx_word' id='word_1_148' title='bbox 688 1623 724 1685; x_wconf 89' lang='lat' dir='ltr'><strong>te,</strong></span> <span class='ocrx_word' id='word_1_149' title='bbox 735 1617 830 1693; x_wconf 79' lang='lat' dir='ltr'><strong>priter,</strong></span> <span class='ocrx_word' id='word_1_150' title='bbox 849 1633 868 1675; x_wconf 92' lang='lat' dir='ltr'><strong>a</strong></span> <span class='ocrx_word' id='word_1_151' title='bbox 883 1613 1003 1674; x_wconf 72' lang='lat' dir='ltr'><strong>laudate</strong></span> <span class='ocrx_word' id='word_1_152' title='bbox 1018 1616 1098 1684; x_wconf 83' lang='lat' dir='ltr'><strong>viro,</strong></span> 
     </span>
    </p>

    <p class='ocr_par' dir='ltr' id='par_1_3' title="bbox 154 1697 571 1778">
     <span class='ocr_line' id='line_1_18' title="bbox 154 1697 571 1778; baseline -0.007 -18"><span class='ocrx_word' id='word_1_153' title='bbox 154 1700 238 1760; x_wconf 90' lang='lat' dir='ltr'><strong>aliter</strong></span> <span class='ocrx_word' id='word_1_154' title='bbox 253 1700 301 1760; x_wconf 94' lang='lat' dir='ltr'><strong>ille</strong></span> <span class='ocrx_word' id='word_1_155' title='bbox 317 1699 395 1778; x_wconf 90' lang='lat' dir='ltr'><strong>apud</strong></span> <span class='ocrx_word' id='word_1_156' title='bbox 410 1697 571 1758; x_wconf 86' lang='lat' dir='ltr'><strong>Trabeam:</strong></span> 
     </span>
    </p>

    <p class='ocr_par' dir='ltr' id='par_1_4' title="bbox 195 1783 959 1862">
     <span class='ocr_line' id='line_1_19' title="bbox 195 1783 959 1862; baseline -0.003 -18"><span class='ocrx_word' id='word_1_157' title='bbox 195 1783 273 1846; x_wconf 80' lang='lat' dir='ltr'><strong>Lina</strong></span> <span class='ocrx_word' id='word_1_158' title='bbox 289 1785 412 1846; x_wconf 79' lang='lat' dir='ltr'><strong>delerrita</strong></span> <span class='ocrx_word' id='word_1_159' title='bbox 427 1795 545 1862; x_wconf 77' lang='lat' dir='ltr'><strong>argatio</strong></span> <span class='ocrx_word' id='word_1_160' title='bbox 560 1787 665 1844; x_wconf 75' lang='lat' dir='ltr'><strong>irritam</strong></span> <span class='ocrx_word' id='word_1_161' title='bbox 680 1783 840 1844; x_wconf 81' lang='lat' dir='ltr'><strong>observabit</strong></span> <span class='ocrx_word' id='word_1_162' title='bbox 854 1801 959 1853; x_wconf 83' lang='lat' dir='ltr'><strong>mcum,</strong></span> 
     </span>
    </p>

    <p class='ocr_par' dir='ltr' id='par_1_5' title="bbox 199 1866 1206 1949">
     <span class='ocr_line' id='line_1_20' title="bbox 199 1866 1206 1949; baseline -0.002 -18"><span class='ocrx_word' id='word_1_163' title='bbox 199 1869 277 1941; x_wconf 84' lang='lat' dir='ltr'><strong>Quid</strong></span> <span class='ocrx_word' id='word_1_164' title='bbox 291 1870 385 1939; x_wconf 87' lang='lat' dir='ltr'><strong>celim,</strong></span> <span class='ocrx_word' id='word_1_165' title='bbox 401 1870 469 1949; x_wconf 83' lang='lat' dir='ltr'><strong>quid</strong></span> <span class='ocrx_word' id='word_1_166' title='bbox 483 1870 631 1942; x_wconf 75' lang='lat' dir='ltr'><strong>studeam3</strong></span> <span class='ocrx_word' id='word_1_167' title='bbox 647 1869 803 1930; x_wconf 81' lang='lat' dir='ltr'><strong>adveniens</strong></span> <span class='ocrx_word' id='word_1_168' title='bbox 818 1868 906 1946; x_wconf 82' lang='lat' dir='ltr'><strong>digito</strong></span> <span class='ocrx_word' id='word_1_169' title='bbox 921 1866 1061 1947; x_wconf 76' lang='lat' dir='ltr'><strong>impellam</strong></span> <span class='ocrx_word' id='word_1_170' title='bbox 1078 1870 1206 1938; x_wconf 75' lang='lat' dir='ltr'><strong>idaeam,</strong></span> 
     </span>
    </p>

    <p class='ocr_par' dir='ltr' id='par_1_6' title="bbox 194 1951 1269 2034">
     <span class='ocr_line' id='line_1_21' title="bbox 194 1951 1269 2034; baseline -0.006 -19"><span class='ocrx_word' id='word_1_171' title='bbox 194 1954 282 2016; x_wconf 85' lang='lat' dir='ltr'><strong>Fdres</strong></span> <span class='ocrx_word' id='word_1_172' title='bbox 293 1954 447 2034; x_wconf 77' lang='lat' dir='ltr'><strong>patebuot3</strong></span> <span class='ocrx_word' id='word_1_173' title='bbox 462 1955 494 2014; x_wconf 91' lang='lat' dir='ltr'><strong>de</strong></span> <span class='ocrx_word' id='word_1_174' title='bbox 509 1958 655 2033; x_wconf 80' lang='lat' dir='ltr'><strong>inproviso</strong></span> <span class='ocrx_word' id='word_1_175' title='bbox 674 1951 793 2033; x_wconf 79' lang='lat' dir='ltr'><strong>Cbry&#39;sa&#39;s</strong></span> <span class='ocrx_word' id='word_1_176' title='bbox 806 1954 858 2014; x_wconf 82' lang='lat' dir='ltr'><strong>abi</strong></span> <span class='ocrx_word' id='word_1_177' title='bbox 870 1972 916 2014; x_wconf 91' lang='lat' dir='ltr'><strong>mc</strong></span> <span class='ocrx_word' id='word_1_178' title='bbox 929 1953 1091 2032; x_wconf 73' lang='lat' dir='ltr'><strong>aspexerit,</strong></span> <span class='ocrx_word' id='word_1_179' title='bbox 1237 1959 1269 2010; x_wconf 77' lang='grc'><strong>111</strong></span> 
     </span>
    </p>

    <p class='ocr_par' dir='ltr' id='par_1_7' title="bbox 196 2035 1107 2119">
     <span class='ocr_line' id='line_1_22' title="bbox 196 2035 1107 2119; baseline -0.002 -19"><span class='ocrx_word' id='word_1_180' title='bbox 196 2035 305 2101; x_wconf 78' lang='grc' dir='ltr'><strong>Άίαοηέ</strong></span> <span class='ocrx_word' id='word_1_181' title='bbox 320 2039 353 2100; x_wconf 86' lang='lat' dir='ltr'><strong>ab</strong></span> <span class='ocrx_word' id='word_1_182' title='bbox 368 2041 447 2099; x_wconf 80' lang='lat' dir='ltr'><strong>viam</strong></span> <span class='ocrx_word' id='word_1_183' title='bbox 460 2037 534 2099; x_wconf 83' lang='lat' dir='ltr'><strong>mibi</strong></span> <span class='ocrx_word' id='word_1_184' title='bbox 546 2045 638 2100; x_wconf 80' lang='lat' dir='ltr'><strong>veniet</strong></span> <span class='ocrx_word' id='word_1_185' title='bbox 653 2040 825 2119; x_wconf 70' lang='lat' dir='ltr'><strong>conplexam</strong></span> <span class='ocrx_word' id='word_1_186' title='bbox 841 2042 981 2117; x_wconf 75' lang='lat' dir='ltr'><strong>exoptatos</strong></span> <span class='ocrx_word' id='word_1_187' title='bbox 995 2057 1107 2112; x_wconf 74' lang='grc' dir='ltr'><em>ηηηηη,</em></span> 
     </span>
    </p>

    <p class='ocr_par' dir='ltr' id='par_1_8' title="bbox 195 2123 415 2186">
     <span class='ocr_line' id='line_1_23' title="bbox 195 2123 415 2186; baseline -0.005 -2"><span class='ocrx_word' id='word_1_188' title='bbox 195 2124 272 2186; x_wconf 85' lang='lat' dir='ltr'><strong>Mtbr&#39;</strong></span> <span class='ocrx_word' id='word_1_189' title='bbox 285 2144 314 2185; x_wconf 82' lang='lat' dir='ltr'><strong>sc</strong></span> <span class='ocrx_word' id='word_1_190' title='bbox 328 2123 415 2184; x_wconf 83' lang='lat' dir='ltr'><strong>dedet.</strong></span> 
     </span>
    </p>
   </div>
   <div class='ocr_carea' id='block_1_3' title="bbox 143 2269 1269 3913">
    <p class='ocr_par' dir='ltr' id='par_1_9' title="bbox 183 2269 1269 2338">
     <span class='ocr_line' id='line_1_24' title="bbox 183 2269 1269 2338; baseline -0.004 -12"><span class='ocrx_word' id='word_1_191' title='bbox 183 2277 207 2326; x_wconf 83' lang='lat'><strong>2.</strong></span> <span class='ocrx_word' id='word_1_192' title='bbox 225 2274 287 2326; x_wconf 79' lang='lat' dir='ltr'><strong>Stat</strong></span> <span class='ocrx_word' id='word_1_193' title='bbox 303 2291 376 2337; x_wconf 77' lang='lat' dir='ltr'><strong>sanc,</strong></span> <span class='ocrx_word' id='word_1_194' title='bbox 394 2288 414 2325; x_wconf 87' lang='lat' dir='ltr'><strong>s.</strong></span> <span class='ocrx_word' id='word_1_195' title='bbox 433 2288 466 2325; x_wconf 85' lang='lat' dir='ltr'><strong>zu</strong></span> <span class='ocrx_word' id='word_1_196' title='bbox 483 2275 524 2337; x_wconf 87' lang='lat'><strong>21,</strong></span> <span class='ocrx_word' id='word_1_197' title='bbox 542 2276 584 2326; x_wconf 86' lang='lat'><strong>48.</strong></span> <span class='ocrx_word' id='word_1_198' title='bbox 712 2269 806 2327; x_wconf 86' lang='lat' dir='ltr'><strong>‘durch</strong></span> <span class='ocrx_word' id='word_1_199' title='bbox 829 2273 991 2338; x_wconf 85' lang='lat' dir='ltr'><strong>Vorbaltung</strong></span> <span class='ocrx_word' id='word_1_200' title='bbox 1018 2273 1065 2325; x_wconf 87' lang='lat' dir='ltr'><strong>der</strong></span> <span class='ocrx_word' id='word_1_201' title='bbox 1092 2273 1165 2325; x_wconf 86' lang='lat' dir='ltr'><strong>dorin</strong></span> <span class='ocrx_word' id='word_1_202' title='bbox 1185 2271 1223 2323; x_wconf 71' lang='lat' dir='ltr'><strong>lic</strong></span> <span class='ocrx_word' id='word_1_203' title='bbox 1267 2270 1269 2323; x_wconf 77' lang='lat' dir='ltr'><strong>i</strong></span> 
     </span>
    </p>

    <p class='ocr_par' dir='ltr' id='par_1_10' title="bbox 149 2339 1222 2477">
     <span class='ocr_line' id='line_1_25' title="bbox 183 2339 1222 2409; baseline -0.004 -14"><span class='ocrx_word' id='word_1_204' title='bbox 183 2346 207 2395; x_wconf 84' lang='lat'><strong>3.</strong></span> <span class='ocrx_word' id='word_1_205' title='bbox 226 2347 256 2392; x_wconf 83' lang='lat' dir='ltr'><strong>in</strong></span> <span class='ocrx_word' id='word_1_206' title='bbox 275 2345 313 2393; x_wconf 77' lang='lat' dir='ltr'><strong>cia</strong></span> <span class='ocrx_word' id='word_1_207' title='bbox 330 2345 395 2408; x_wconf 65' lang='lat' dir='ltr'><strong>epota</strong></span> <span class='ocrx_word' id='word_1_208' title='bbox 411 2344 562 2409; x_wconf 76' lang='lat' dir='ltr'><strong>potiundis,</strong></span> <span class='ocrx_word' id='word_1_209' title='bbox 585 2359 606 2395; x_wconf 84' lang='lat' dir='ltr'><strong>s.</strong></span> <span class='ocrx_word' id='word_1_210' title='bbox 623 2342 661 2396; x_wconf 92' lang='lat' dir='ltr'><strong>lll.</strong></span> <span class='ocrx_word' id='word_1_211' title='bbox 713 2343 813 2408; x_wconf 88' lang='lat' dir='ltr'><strong>genden</strong></span> <span class='ocrx_word' id='word_1_212' title='bbox 826 2340 1085 2394; x_wconf 85' lang='lat' dir='ltr'><strong>Unmenscbliablreit</strong></span> <span class='ocrx_word' id='word_1_213' title='bbox 1101 2341 1155 2394; x_wconf 93' lang='lat' dir='ltr'><strong>und</strong></span> <span class='ocrx_word' id='word_1_214' title='bbox 1165 2339 1222 2392; x_wconf 82' lang='lat' dir='ltr'><strong>Rol-</strong></span> 
     </span>
     <span class='ocr_line' id='line_1_26' title="bbox 149 2402 787 2477; baseline 0 -13"><span class='ocrx_word' id='word_1_215' title='bbox 149 2416 170 2477; x_wconf 82' lang='grc'><strong>7,</strong></span> <span class='ocrx_word' id='word_1_216' title='bbox 184 2415 227 2464; x_wconf 86' lang='grc'><strong>15;</strong></span> <span class='ocrx_word' id='word_1_217' title='bbox 241 2412 278 2463; x_wconf 85' lang='lat' dir='ltr'><strong>ad</strong></span> <span class='ocrx_word' id='word_1_218' title='bbox 287 2428 366 2462; x_wconf 83' lang='lat' dir='ltr'><strong>raam</strong></span> <span class='ocrx_word' id='word_1_219' title='bbox 375 2427 473 2461; x_wconf 78' lang='lat' dir='ltr'><strong>mamus</strong></span> <span class='ocrx_word' id='word_1_220' title='bbox 484 2409 661 2477; x_wconf 76' lang='lat' dir='ltr'><strong>fungendum.</strong></span> <span class='ocrx_word' id='word_1_221' title='bbox 712 2402 787 2464; x_wconf 88' lang='lat' dir='ltr'><strong>heit&#39;.</strong></span> 
     </span>
    </p>

    <p class='ocr_par' dir='ltr' id='par_1_11' title="bbox 143 2479 1225 2818">
     <span class='ocr_line' id='line_1_27' title="bbox 181 2479 1223 2548; baseline -0.007 -15"><span class='ocrx_word' id='word_1_222' title='bbox 181 2484 205 2533; x_wconf 83' lang='lat'><strong>5.</strong></span> <span class='ocrx_word' id='word_1_223' title='bbox 225 2481 314 2531; x_wconf 87' lang='lat' dir='ltr'><strong>eadem</strong></span> <span class='ocrx_word' id='word_1_224' title='bbox 332 2483 398 2532; x_wconf 83' lang='lat' dir='ltr'><strong>citio</strong></span> <span class='ocrx_word' id='word_1_225' title='bbox 416 2486 462 2545; x_wconf 82' lang='lat' dir='ltr'><strong>ert,</strong></span> <span class='ocrx_word' id='word_1_226' title='bbox 478 2480 537 2531; x_wconf 86' lang='lat' dir='ltr'><strong>Abl.</strong></span> <span class='ocrx_word' id='word_1_227' title='bbox 557 2480 659 2548; x_wconf 79' lang='lat' dir='ltr'><strong>qualit:</strong></span> <span class='ocrx_word' id='word_1_228' title='bbox 748 2483 786 2533; x_wconf 88' lang='grc'><strong>13.</strong></span> <span class='ocrx_word' id='word_1_229' title='bbox 804 2479 1025 2546; x_wconf 66' lang='lat' dir='ltr'><strong>morabatinum,</strong></span> <span class='ocrx_word' id='word_1_230' title='bbox 1043 2493 1067 2531; x_wconf 88' lang='lat' dir='ltr'><strong>s.</strong></span> <span class='ocrx_word' id='word_1_231' title='bbox 1087 2481 1113 2544; x_wconf 90' lang='grc'><strong>6,</strong></span> <span class='ocrx_word' id='word_1_232' title='bbox 1131 2481 1172 2542; x_wconf 87' lang='grc'><strong>14,</strong></span> <span class='ocrx_word' id='word_1_233' title='bbox 1187 2490 1223 2527; x_wconf 79' lang='lat' dir='ltr'><strong>tro</strong></span> 
     </span>
     <span class='ocr_line' id='line_1_28' title="bbox 143 2542 1224 2615; baseline -0.006 -13"><span class='ocrx_word' id='word_1_234' title='bbox 143 2542 184 2602; x_wconf 84' lang='lat' dir='ltr'><strong>‘es</strong></span> <span class='ocrx_word' id='word_1_235' title='bbox 194 2551 228 2602; x_wconf 90' lang='lat' dir='ltr'><strong>ist</strong></span> <span class='ocrx_word' id='word_1_236' title='bbox 237 2551 263 2601; x_wconf 93' lang='lat' dir='ltr'><strong>in</strong></span> <span class='ocrx_word' id='word_1_237' title='bbox 274 2550 399 2615; x_wconf 87' lang='lat' dir='ltr'><strong>gleicbem</strong></span> <span class='ocrx_word' id='word_1_238' title='bbox 409 2547 491 2600; x_wconf 84' lang='lat' dir='ltr'><strong>Gnade</strong></span> <span class='ocrx_word' id='word_1_239' title='bbox 502 2543 660 2613; x_wconf 83' lang='lat' dir='ltr'><strong>lehlerhait&#39;,</strong></span> <span class='ocrx_word' id='word_1_240' title='bbox 712 2563 740 2613; x_wconf 74' lang='lat' dir='ltr'><strong>qs</strong></span> <span class='ocrx_word' id='word_1_241' title='bbox 762 2548 841 2613; x_wconf 88' lang='lat' dir='ltr'><strong>biels,</strong></span> <span class='ocrx_word' id='word_1_242' title='bbox 868 2546 925 2599; x_wconf 90' lang='lat' dir='ltr'><strong>dals</strong></span> <span class='ocrx_word' id='word_1_243' title='bbox 952 2547 994 2598; x_wconf 90' lang='lat' dir='ltr'><strong>ein</strong></span> <span class='ocrx_word' id='word_1_244' title='bbox 1022 2544 1224 2612; x_wconf 73' lang='lat' dir='ltr'><strong>gegeuwirligca</strong></span> 
     </span>
     <span class='ocr_line' id='line_1_29' title="bbox 146 2612 1225 2683; baseline -0.007 -13"><span class='ocrx_word' id='word_1_245' title='bbox 146 2619 187 2670; x_wconf 81' lang='lat' dir='ltr'><strong>im·</strong></span> <span class='ocrx_word' id='word_1_246' title='bbox 208 2618 254 2670; x_wconf 90' lang='lat' dir='ltr'><strong>das</strong></span> <span class='ocrx_word' id='word_1_247' title='bbox 279 2619 408 2683; x_wconf 82' lang='lat' dir='ltr'><strong>gewdhnl.</strong></span> <span class='ocrx_word' id='word_1_248' title='bbox 431 2619 460 2667; x_wconf 84' lang='lat' dir='ltr'><strong>ia</strong></span> <span class='ocrx_word' id='word_1_249' title='bbox 486 2618 576 2668; x_wconf 88' lang='lat' dir='ltr'><strong>eodem</strong></span> <span class='ocrx_word' id='word_1_250' title='bbox 593 2620 659 2668; x_wconf 83' lang='lat' dir='ltr'><strong>vitta</strong></span> <span class='ocrx_word' id='word_1_251' title='bbox 711 2614 778 2668; x_wconf 89' lang='lat' dir='ltr'><strong>Ubel</strong></span> <span class='ocrx_word' id='word_1_252' title='bbox 801 2617 851 2668; x_wconf 89' lang='lat' dir='ltr'><strong>den</strong></span> <span class='ocrx_word' id='word_1_253' title='bbox 873 2614 978 2667; x_wconf 88' lang='lat' dir='ltr'><strong>Weisen</strong></span> <span class='ocrx_word' id='word_1_254' title='bbox 1003 2613 1135 2667; x_wconf 87' lang='lat' dir='ltr'><strong>durabaus</strong></span> <span class='ocrx_word' id='word_1_255' title='bbox 1162 2612 1225 2665; x_wconf 88' lang='lat' dir='ltr'><strong>nicbt</strong></span> 
     </span>
     <span class='ocr_line' id='line_1_30' title="bbox 146 2681 1224 2751; baseline -0.004 -15"><span class='ocrx_word' id='word_1_256' title='bbox 146 2693 186 2736; x_wconf 80' lang='lat' dir='ltr'><strong>est</strong></span> <span class='ocrx_word' id='word_1_257' title='bbox 208 2690 238 2750; x_wconf 87' lang='lat' dir='ltr'><strong>(s.</strong></span> <span class='ocrx_word' id='word_1_258' title='bbox 261 2702 293 2738; x_wconf 90' lang='lat' dir='ltr'><strong>zu</strong></span> <span class='ocrx_word' id='word_1_259' title='bbox 315 2686 353 2737; x_wconf 90' lang='lat' dir='ltr'><strong>lll.</strong></span> <span class='ocrx_word' id='word_1_260' title='bbox 371 2689 400 2750; x_wconf 86' lang='lat'><strong>9,</strong></span> <span class='ocrx_word' id='word_1_261' title='bbox 422 2689 476 2750; x_wconf 85' lang='lat'><strong>19),</strong></span> <span class='ocrx_word' id='word_1_262' title='bbox 499 2700 591 2751; x_wconf 88' lang='lat' dir='ltr'><strong>wegen</strong></span> <span class='ocrx_word' id='word_1_263' title='bbox 614 2685 659 2737; x_wconf 91' lang='lat' dir='ltr'><strong>des</strong></span> <span class='ocrx_word' id='word_1_264' title='bbox 711 2681 1224 2748; x_wconf 82' lang='lat' dir='ltr'><strong>elfizierenlrdnne‚(dalsesdaberlreine</strong></span> 
     </span>
     <span class='ocr_line' id='line_1_31' title="bbox 146 2751 1224 2818; baseline -0.001 -14"><span class='ocrx_word' id='word_1_265' title='bbox 146 2753 286 2818; x_wconf 85' lang='lat' dir='ltr'><strong>folgenden</strong></span> <span class='ocrx_word' id='word_1_266' title='bbox 303 2757 333 2804; x_wconf 83' lang='lat' dir='ltr'><strong>in</strong></span> <span class='ocrx_word' id='word_1_267' title='bbox 351 2754 464 2805; x_wconf 83' lang='lat' dir='ltr'><strong>taetitia.</strong></span> <span class='ocrx_word' id='word_1_268' title='bbox 711 2752 756 2804; x_wconf 88' lang='lat' dir='ltr'><strong>der</strong></span> <span class='ocrx_word' id='word_1_269' title='bbox 772 2752 914 2818; x_wconf 82' lang='lat' dir='ltr'><strong>aegritudo</strong></span> <span class='ocrx_word' id='word_1_270' title='bbox 932 2751 1057 2818; x_wconf 73' lang='lat' dir='ltr'><strong>parallelo</strong></span> <span class='ocrx_word' id='word_1_271' title='bbox 1074 2752 1224 2803; x_wconf 70' lang='lat' dir='ltr'><strong>constantia</strong></span> 
     </span>
    </p>

    <p class='ocr_par' dir='ltr' id='par_1_12' title="bbox 144 2817 1225 3093">
     <span class='ocr_line' id='line_1_32' title="bbox 181 2817 1225 2886; baseline -0.004 -14"><span class='ocrx_word' id='word_1_272' title='bbox 181 2825 204 2872; x_wconf 90' lang='lat'><strong>6.</strong></span> <span class='ocrx_word' id='word_1_273' title='bbox 229 2837 243 2869; x_wconf 89' lang='lat' dir='ltr'><strong>e</strong></span> <span class='ocrx_word' id='word_1_274' title='bbox 265 2825 324 2870; x_wconf 76' lang='lat' dir='ltr'><strong>aeto</strong></span> <span class='ocrx_word' id='word_1_275' title='bbox 348 2823 433 2870; x_wconf 82' lang='lat' dir='ltr'><strong>animi</strong></span> <span class='ocrx_word' id='word_1_276' title='bbox 453 2817 504 2870; x_wconf 85' lang='lat' dir='ltr'><strong>‘die</strong></span> <span class='ocrx_word' id='word_1_277' title='bbox 521 2821 660 2885; x_wconf 78' lang='lat' dir='ltr'><strong>Ansgeles-</strong></span> <span class='ocrx_word' id='word_1_278' title='bbox 711 2819 801 2886; x_wconf 77' lang='lat' dir='ltr'><strong>gebe,)</strong></span> <span class='ocrx_word' id='word_1_279' title='bbox 825 2834 952 2886; x_wconf 86' lang='lat' dir='ltr'><strong>wogegen</strong></span> <span class='ocrx_word' id='word_1_280' title='bbox 969 2819 1010 2871; x_wconf 90' lang='lat' dir='ltr'><strong>bei</strong></span> <span class='ocrx_word' id='word_1_281' title='bbox 1029 2819 1117 2871; x_wconf 82' lang='lat' dir='ltr'><strong>eincrn</strong></span> <span class='ocrx_word' id='word_1_282' title='bbox 1135 2831 1225 2886; x_wconf 81' lang='lat' dir='ltr'><strong>gagen·</strong></span> 
     </span>
     <span class='ocr_line' id='line_1_33' title="bbox 146 2883 1225 2952; baseline -0.005 -12"><span class='ocrx_word' id='word_1_283' title='bbox 146 2888 270 2952; x_wconf 88' lang='lat' dir='ltr'><strong>senbeit,</strong></span> <span class='ocrx_word' id='word_1_284' title='bbox 292 2891 377 2938; x_wconf 82' lang='lat' dir='ltr'><strong>animi</strong></span> <span class='ocrx_word' id='word_1_285' title='bbox 395 2890 544 2939; x_wconf 82' lang='lat' dir='ltr'><strong>contractio</strong></span> <span class='ocrx_word' id='word_1_286' title='bbox 563 2883 659 2941; x_wconf 78' lang='lat' dir='ltr'><strong>‘llleim</strong></span> <span class='ocrx_word' id='word_1_287' title='bbox 710 2891 784 2941; x_wconf 84' lang='lat' dir='ltr'><strong>wirnt.</strong></span> <span class='ocrx_word' id='word_1_288' title='bbox 802 2889 869 2941; x_wconf 82' lang='lat' dir='ltr'><strong>(lule</strong></span> <span class='ocrx_word' id='word_1_289' title='bbox 886 2888 945 2940; x_wconf 87' lang='lat' dir='ltr'><strong>dem</strong></span> <span class='ocrx_word' id='word_1_290' title='bbox 957 2887 1063 2938; x_wconf 87' lang='lat' dir='ltr'><strong>Weisen</strong></span> <span class='ocrx_word' id='word_1_291' title='bbox 1075 2903 1148 2940; x_wconf 77' lang='lat' dir='ltr'><strong>zuar</strong></span> <span class='ocrx_word' id='word_1_292' title='bbox 1159 2885 1225 2939; x_wconf 85' lang='lat' dir='ltr'><strong>niabt</strong></span> 
     </span>
     <span class='ocr_line' id='line_1_34' title="bbox 146 2948 1225 3023; baseline -0.004 -15"><span class='ocrx_word' id='word_1_293' title='bbox 146 2948 367 3023; x_wconf 79' lang='lat' dir='ltr'><strong>maitiglreit&#39;,wie</strong></span> <span class='ocrx_word' id='word_1_294' title='bbox 387 2958 659 3020; x_wconf 82' lang='lat' dir='ltr'><strong>6,14:animoode·</strong></span> <span class='ocrx_word' id='word_1_295' title='bbox 710 2958 826 3019; x_wconf 85' lang='lat' dir='ltr'><strong>iactitia,</strong></span> <span class='ocrx_word' id='word_1_296' title='bbox 856 2957 917 3008; x_wconf 87' lang='lat' dir='ltr'><strong>aber</strong></span> <span class='ocrx_word' id='word_1_297' title='bbox 941 2956 1077 3020; x_wconf 82' lang='lat' dir='ltr'><strong>gaudium</strong></span> <span class='ocrx_word' id='word_1_298' title='bbox 1104 2960 1225 3022; x_wconf 84' lang='lat' dir='ltr'><strong>gestaitet</strong></span> 
     </span>
     <span class='ocr_line' id='line_1_35' title="bbox 144 3023 895 3093; baseline 0 -16"><span class='ocrx_word' id='word_1_299' title='bbox 144 3030 256 3077; x_wconf 79' lang='lat' dir='ltr'><strong>mittunt</strong></span> <span class='ocrx_word' id='word_1_300' title='bbox 273 3031 299 3075; x_wconf 91' lang='lat' dir='ltr'><strong>et</strong></span> <span class='ocrx_word' id='word_1_301' title='bbox 315 3026 485 3076; x_wconf 80' lang='lat' dir='ltr'><strong>contrabant.</strong></span> <span class='ocrx_word' id='word_1_302' title='bbox 518 3023 575 3090; x_wconf 88' lang='lat' dir='ltr'><strong>Vgl.</strong></span> <span class='ocrx_word' id='word_1_303' title='bbox 594 3026 659 3077; x_wconf 90' lang='lat' dir='ltr'><strong>anch</strong></span> <span class='ocrx_word' id='word_1_304' title='bbox 709 3025 744 3077; x_wconf 88' lang='lat' dir='ltr'><strong>ist</strong></span> <span class='ocrx_word' id='word_1_305' title='bbox 761 3031 792 3090; x_wconf 78' lang='lat' dir='ltr'><strong>ts.</strong></span> <span class='ocrx_word' id='word_1_306' title='bbox 809 3027 826 3093; x_wconf 82' lang='lat'>§</span> <span class='ocrx_word' id='word_1_307' title='bbox 845 3026 895 3090; x_wconf 83' lang='lat'><strong>13).</strong></span> 
     </span>
    </p>

    <p class='ocr_par' dir='ltr' id='par_1_13' title="bbox 144 3095 1225 3159">
     <span class='ocr_line' id='line_1_36' title="bbox 144 3095 1225 3159; baseline -0.005 -13"><span class='ocrx_word' id='word_1_308' title='bbox 144 3095 161 3146; x_wconf 96' lang='lat' dir='ltr'><strong>l.</strong></span> <span class='ocrx_word' id='word_1_309' title='bbox 180 3097 221 3158; x_wconf 80' lang='lat'><strong>37,</strong></span> <span class='ocrx_word' id='word_1_310' title='bbox 240 3098 281 3148; x_wconf 83' lang='lat'><strong>90.</strong></span> <span class='ocrx_word' id='word_1_311' title='bbox 746 3098 787 3147; x_wconf 88' lang='lat'><strong>14.</strong></span> <span class='ocrx_word' id='word_1_312' title='bbox 805 3108 952 3159; x_wconf 82' lang='lat' dir='ltr'><strong>numquam</strong></span> <span class='ocrx_word' id='word_1_313' title='bbox 970 3106 1047 3157; x_wconf 77' lang='lat' dir='ltr'><strong>posse</strong></span> <span class='ocrx_word' id='word_1_314' title='bbox 1065 3095 1131 3156; x_wconf 73' lang='lat' dir='ltr'><strong>cet,</strong></span> <span class='ocrx_word' id='word_1_315' title='bbox 1155 3106 1177 3144; x_wconf 87' lang='lat' dir='ltr'><strong>s.</strong></span> <span class='ocrx_word' id='word_1_316' title='bbox 1193 3104 1225 3142; x_wconf 74' lang='lat' dir='ltr'><strong>nn</strong></span> 
     </span>
    </p>

    <p class='ocr_par' dir='ltr' id='par_1_14' title="bbox 180 3157 1059 3228">
     <span class='ocr_line' id='line_1_37' title="bbox 180 3157 1059 3228; baseline -0.005 -12"><span class='ocrx_word' id='word_1_317' title='bbox 180 3165 204 3216; x_wconf 89' lang='lat'><strong>8.</strong></span> <span class='ocrx_word' id='word_1_318' title='bbox 223 3165 379 3215; x_wconf 83' lang='lat' dir='ltr'><strong>iudicantur</strong></span> <span class='ocrx_word' id='word_1_319' title='bbox 396 3161 471 3227; x_wconf 79' lang='lat' dir='ltr'><strong>lecca,</strong></span> <span class='ocrx_word' id='word_1_320' title='bbox 489 3161 542 3227; x_wconf 85' lang='lat' dir='ltr'><strong>vgl.</strong></span> <span class='ocrx_word' id='word_1_321' title='bbox 562 3163 603 3226; x_wconf 89' lang='grc'><strong>22,</strong></span> <span class='ocrx_word' id='word_1_322' title='bbox 619 3165 659 3214; x_wconf 86' lang='grc'><strong>56.</strong></span> <span class='ocrx_word' id='word_1_323' title='bbox 710 3163 728 3215; x_wconf 93' lang='grc'><strong>1.</strong></span> <span class='ocrx_word' id='word_1_324' title='bbox 746 3166 788 3228; x_wconf 83' lang='lat'><strong>48,</strong></span> <span class='ocrx_word' id='word_1_325' title='bbox 809 3165 871 3216; x_wconf 83' lang='lat'>116:</span> <span class='ocrx_word' id='word_1_326' title='bbox 890 3178 944 3214; x_wconf 83' lang='lat' dir='ltr'><strong>non</strong></span> <span class='ocrx_word' id='word_1_327' title='bbox 962 3157 1059 3218; x_wconf 82' lang='lat' dir='ltr'><strong>defait.</strong></span> 
     </span>
    </p>

    <p class='ocr_par' dir='ltr' id='par_1_15' title="bbox 145 3225 1226 3434">
     <span class='ocr_line' id='line_1_38' title="bbox 146 3225 1224 3295; baseline -0.006 -12"><span class='ocrx_word' id='word_1_328' title='bbox 146 3230 180 3283; x_wconf 87' lang='lat' dir='ltr'><strong>Sa</strong></span> <span class='ocrx_word' id='word_1_329' title='bbox 199 3232 231 3283; x_wconf 90' lang='lat' dir='ltr'><strong>de</strong></span> <span class='ocrx_word' id='word_1_330' title='bbox 250 3231 292 3284; x_wconf 83' lang='lat' dir='ltr'><strong>off.</strong></span> <span class='ocrx_word' id='word_1_331' title='bbox 310 3231 328 3282; x_wconf 93' lang='grc'><strong>1.</strong></span> <span class='ocrx_word' id='word_1_332' title='bbox 350 3232 393 3295; x_wconf 80' lang='grc'><strong>26,</strong></span> <span class='ocrx_word' id='word_1_333' title='bbox 410 3233 457 3282; x_wconf 81' lang='lat'><strong>90:</strong></span> <span class='ocrx_word' id='word_1_334' title='bbox 488 3229 518 3282; x_wconf 87' lang='lat' dir='ltr'><strong>Ut</strong></span> <span class='ocrx_word' id='word_1_335' title='bbox 536 3232 660 3281; x_wconf 77' lang='lat' dir='ltr'><strong>adversar</strong></span> <span class='ocrx_word' id='word_1_336' title='bbox 747 3235 786 3286; x_wconf 87' lang='lat'><strong>15.</strong></span> <span class='ocrx_word' id='word_1_337' title='bbox 809 3232 965 3284; x_wconf 72' lang='lat' dir='ltr'><strong>Naevianus</strong></span> <span class='ocrx_word' id='word_1_338' title='bbox 983 3231 1096 3294; x_wconf 78' lang='lat' dir='ltr'><strong>Hector,</strong></span> <span class='ocrx_word' id='word_1_339' title='bbox 1120 3229 1172 3281; x_wconf 76' lang='lat' dir='ltr'><strong>veie</strong></span> <span class='ocrx_word' id='word_1_340' title='bbox 1188 3225 1224 3279; x_wconf 91' lang='lat' dir='ltr'><strong>lll.</strong></span> 
     </span>
     <span class='ocr_line' id='line_1_39' title="bbox 145 3293 1224 3366; baseline -0.003 -16"><span class='ocrx_word' id='word_1_341' title='bbox 145 3318 195 3363; x_wconf 82' lang='lat' dir='ltr'><strong>rer,</strong></span> <span class='ocrx_word' id='word_1_342' title='bbox 207 3303 248 3351; x_wconf 77' lang='lat' dir='ltr'><strong>cic</strong></span> <span class='ocrx_word' id='word_1_343' title='bbox 258 3300 388 3351; x_wconf 78' lang='lat' dir='ltr'><strong>secandas</strong></span> <span class='ocrx_word' id='word_1_344' title='bbox 401 3299 576 3349; x_wconf 83' lang='lat' dir='ltr'><strong>immoderate</strong></span> <span class='ocrx_word' id='word_1_345' title='bbox 587 3297 661 3359; x_wconf 83' lang='lat' dir='ltr'><strong>ferre</strong></span> <span class='ocrx_word' id='word_1_346' title='bbox 711 3302 752 3365; x_wconf 87' lang='grc'><strong>26,</strong></span> <span class='ocrx_word' id='word_1_347' title='bbox 766 3303 812 3353; x_wconf 82' lang='lat'><strong>62:</strong></span> <span class='ocrx_word' id='word_1_348' title='bbox 822 3303 987 3366; x_wconf 84' lang='lat' dir='ltr'><strong>Agamemno</strong></span> <span class='ocrx_word' id='word_1_349' title='bbox 997 3299 1164 3350; x_wconf 72' lang='lat' dir='ltr'><strong>Homericus.</strong></span> <span class='ocrx_word' id='word_1_350' title='bbox 1181 3293 1224 3347; x_wconf 81' lang='lat' dir='ltr'><strong>bie</strong></span> 
     </span>
     <span class='ocr_line' id='line_1_40' title="bbox 146 3365 1226 3434; baseline -0.001 -16"><span class='ocrx_word' id='word_1_351' title='bbox 146 3369 261 3420; x_wconf 71' lang='lat' dir='ltr'><strong>leuitatis·</strong></span> <span class='ocrx_word' id='word_1_352' title='bbox 279 3373 325 3420; x_wconf 82' lang='lat' dir='ltr'><strong>ert.</strong></span> <span class='ocrx_word' id='word_1_353' title='bbox 711 3367 838 3434; x_wconf 83' lang='lat' dir='ltr'><strong>Tragddie</strong></span> <span class='ocrx_word' id='word_1_354' title='bbox 863 3369 909 3420; x_wconf 86' lang='lat' dir='ltr'><strong>des</strong></span> <span class='ocrx_word' id='word_1_355' title='bbox 927 3365 1025 3418; x_wconf 82' lang='lat' dir='ltr'><strong>Nivius</strong></span> <span class='ocrx_word' id='word_1_356' title='bbox 1042 3365 1110 3418; x_wconf 83' lang='lat' dir='ltr'><strong>biets</strong></span> <span class='ocrx_word' id='word_1_357' title='bbox 1129 3367 1226 3417; x_wconf 79' lang='lat' dir='ltr'><strong>Hector</strong></span> 
     </span>
    </p>

    <p class='ocr_par' dir='ltr' id='par_1_16' title="bbox 143 3434 1225 3843">
     <span class='ocr_line' id='line_1_41' title="bbox 180 3434 893 3503; baseline -0.003 -14"><span class='ocrx_word' id='word_1_358' title='bbox 180 3440 204 3489; x_wconf 93' lang='grc'><strong>6.</strong></span> <span class='ocrx_word' id='word_1_359' title='bbox 227 3438 306 3488; x_wconf 81' lang='lat' dir='ltr'><strong>malie</strong></span> <span class='ocrx_word' id='word_1_360' title='bbox 323 3437 426 3499; x_wconf 78' lang='lat' dir='ltr'><strong>alienis,</strong></span> <span class='ocrx_word' id='word_1_361' title='bbox 446 3434 505 3487; x_wconf 78' lang='lat' dir='ltr'><strong>Abl.</strong></span> <span class='ocrx_word' id='word_1_362' title='bbox 518 3451 597 3499; x_wconf 74' lang='lat' dir='ltr'><strong>caus,</strong></span> <span class='ocrx_word' id='word_1_363' title='bbox 610 3435 661 3487; x_wconf 85' lang='lat' dir='ltr'><strong>wie</strong></span> <span class='ocrx_word' id='word_1_364' title='bbox 709 3437 893 3503; x_wconf 78' lang='lat' dir='ltr'><strong>proficiscerer.</strong></span> 
     </span>
     <span class='ocr_line' id='line_1_42' title="bbox 144 3498 1225 3569; baseline -0.002 -13"><span class='ocrx_word' id='word_1_365' title='bbox 144 3506 176 3556; x_wconf 89' lang='lat' dir='ltr'><strong>ad</strong></span> <span class='ocrx_word' id='word_1_366' title='bbox 190 3508 243 3557; x_wconf 83' lang='lat' dir='ltr'><strong>ntt.</strong></span> <span class='ocrx_word' id='word_1_367' title='bbox 255 3503 320 3557; x_wconf 86' lang='lat' dir='ltr'><strong>x1V.</strong></span> <span class='ocrx_word' id='word_1_368' title='bbox 335 3506 375 3566; x_wconf 83' lang='lat'><strong>14,</strong></span> <span class='ocrx_word' id='word_1_369' title='bbox 388 3508 417 3556; x_wconf 95' lang='lat'><strong>4:</strong></span> <span class='ocrx_word' id='word_1_370' title='bbox 431 3504 562 3554; x_wconf 82' lang='lat' dir='ltr'><strong>laetitiam</strong></span> <span class='ocrx_word' id='word_1_371' title='bbox 575 3506 659 3556; x_wconf 78' lang='lat' dir='ltr'><strong>ocutis</strong></span> <span class='ocrx_word' id='word_1_372' title='bbox 747 3506 787 3557; x_wconf 89' lang='grc'><strong>16.</strong></span> <span class='ocrx_word' id='word_1_373' title='bbox 800 3505 899 3556; x_wconf 73' lang='lat' dir='ltr'><strong>Laetae</strong></span> <span class='ocrx_word' id='word_1_374' title='bbox 911 3507 969 3569; x_wconf 71' lang='lat' dir='ltr'><strong>cet,</strong></span> <span class='ocrx_word' id='word_1_375' title='bbox 981 3502 1047 3554; x_wconf 79' lang='lat' dir='ltr'><strong>autb</strong></span> <span class='ocrx_word' id='word_1_376' title='bbox 1056 3501 1162 3554; x_wconf 66' lang='lat' dir='ltr'><strong>odiam.</strong></span> <span class='ocrx_word' id='word_1_377' title='bbox 1171 3498 1225 3554; x_wconf 79' lang='lat' dir='ltr'><strong>xv,</strong></span> 
     </span>
     <span class='ocr_line' id='line_1_43' title="bbox 144 3572 880 3640; baseline 0.001 -16"><span class='ocrx_word' id='word_1_378' title='bbox 144 3576 202 3640; x_wconf 84' lang='lat' dir='ltr'><strong>cepi</strong></span> <span class='ocrx_word' id='word_1_379' title='bbox 213 3577 284 3623; x_wconf 75' lang='lat' dir='ltr'><strong>iusto</strong></span> <span class='ocrx_word' id='word_1_380' title='bbox 293 3574 406 3622; x_wconf 80' lang='lat' dir='ltr'><strong>interitu</strong></span> <span class='ocrx_word' id='word_1_381' title='bbox 416 3576 536 3638; x_wconf 72' lang='lat' dir='ltr'><strong>tyranni.</strong></span> <span class='ocrx_word' id='word_1_382' title='bbox 557 3572 657 3624; x_wconf 86' lang='lat' dir='ltr'><strong>Jedocb</strong></span> <span class='ocrx_word' id='word_1_383' title='bbox 713 3575 767 3639; x_wconf 85' lang='lat' dir='ltr'><strong>o,1</strong></span> <span class='ocrx_word' id='word_1_384' title='bbox 787 3575 880 3625; x_wconf 87' lang='lat' dir='ltr'><strong>eitiert.</strong></span> 
     </span>
     <span class='ocr_line' id='line_1_44' title="bbox 143 3637 1225 3708; baseline -0.004 -15"><span class='ocrx_word' id='word_1_385' title='bbox 143 3643 178 3692; x_wconf 91' lang='lat' dir='ltr'><strong>ist</strong></span> <span class='ocrx_word' id='word_1_386' title='bbox 201 3641 242 3693; x_wconf 90' lang='lat' dir='ltr'><strong>bei</strong></span> <span class='ocrx_word' id='word_1_387' title='bbox 267 3656 361 3705; x_wconf 75' lang='lat' dir='ltr'><strong>copem</strong></span> <span class='ocrx_word' id='word_1_388' title='bbox 381 3640 559 3706; x_wconf 77' lang='lat' dir='ltr'><strong>voluptatem,</strong></span> <span class='ocrx_word' id='word_1_389' title='bbox 581 3644 657 3692; x_wconf 85' lang='lat' dir='ltr'><strong>taeti-</strong></span> <span class='ocrx_word' id='word_1_390' title='bbox 745 3647 785 3695; x_wconf 77' lang='lat'><strong>17.</strong></span> <span class='ocrx_word' id='word_1_391' title='bbox 803 3643 877 3708; x_wconf 81' lang='lat' dir='ltr'><strong>apud</strong></span> <span class='ocrx_word' id='word_1_392' title='bbox 896 3639 1038 3704; x_wconf 84' lang='lat' dir='ltr'><strong>Trabeam,</strong></span> <span class='ocrx_word' id='word_1_393' title='bbox 1057 3639 1144 3692; x_wconf 88' lang='lat' dir='ltr'><strong>einem</strong></span> <span class='ocrx_word' id='word_1_394' title='bbox 1162 3637 1225 3689; x_wconf 89' lang='lat' dir='ltr'><strong>Ko-</strong></span> 
     </span>
     <span class='ocr_line' id='line_1_45' title="bbox 143 3705 1225 3777; baseline -0.002 -18"><span class='ocrx_word' id='word_1_395' title='bbox 143 3712 217 3773; x_wconf 82' lang='lat' dir='ltr'><strong>tiam,</strong></span> <span class='ocrx_word' id='word_1_396' title='bbox 234 3709 354 3772; x_wconf 76' lang='lat' dir='ltr'><strong>fructum</strong></span> <span class='ocrx_word' id='word_1_397' title='bbox 367 3725 391 3760; x_wconf 93' lang='lat' dir='ltr'><strong>n.</strong></span> <span class='ocrx_word' id='word_1_398' title='bbox 405 3710 427 3760; x_wconf 73' lang='lat'><strong>5.</strong></span> <span class='ocrx_word' id='word_1_399' title='bbox 440 3709 481 3760; x_wconf 88' lang='lat' dir='ltr'><strong>die</strong></span> <span class='ocrx_word' id='word_1_400' title='bbox 493 3709 655 3777; x_wconf 75' lang='lat' dir='ltr'><strong>Priposition</strong></span> <span class='ocrx_word' id='word_1_401' title='bbox 707 3709 817 3763; x_wconf 86' lang='lat' dir='ltr'><strong>milrer.</strong></span> <span class='ocrx_word' id='word_1_402' title='bbox 847 3709 897 3762; x_wconf 82' lang='lat' dir='ltr'><strong>Iler</strong></span> <span class='ocrx_word' id='word_1_403' title='bbox 910 3708 978 3761; x_wconf 79' lang='lat' dir='ltr'><strong>&#39;l&#39;itel</strong></span> <span class='ocrx_word' id='word_1_404' title='bbox 995 3708 1041 3760; x_wconf 89' lang='lat' dir='ltr'><strong>des</strong></span> <span class='ocrx_word' id='word_1_405' title='bbox 1060 3705 1174 3760; x_wconf 84' lang='lat' dir='ltr'><strong>Stdckes</strong></span> <span class='ocrx_word' id='word_1_406' title='bbox 1191 3707 1225 3758; x_wconf 88' lang='lat' dir='ltr'><strong>ist</strong></span> 
     </span>
     <span class='ocr_line' id='line_1_46' title="bbox 143 3776 864 3843; baseline 0.004 -16"><span class='ocrx_word' id='word_1_407' title='bbox 143 3795 178 3828; x_wconf 80' lang='lat' dir='ltr'><strong>ca</strong></span> <span class='ocrx_word' id='word_1_408' title='bbox 195 3778 241 3830; x_wconf 92' lang='lat' dir='ltr'><strong>das</strong></span> <span class='ocrx_word' id='word_1_409' title='bbox 258 3776 443 3843; x_wconf 80' lang='lat' dir='ltr'><strong>regelmilsige.</strong></span> <span class='ocrx_word' id='word_1_410' title='bbox 706 3777 864 3832; x_wconf 87' lang='lat' dir='ltr'><strong>unbekannt.</strong></span> 
     </span>
    </p>

    <p class='ocr_par' dir='ltr' id='par_1_17' title="bbox 179 3844 1226 3913">
     <span class='ocr_line' id='line_1_47' title="bbox 179 3844 1226 3913; baseline -0.001 -15"><span class='ocrx_word' id='word_1_411' title='bbox 179 3849 219 3901; x_wconf 89' lang='lat'><strong>10.</strong></span> <span class='ocrx_word' id='word_1_412' title='bbox 236 3847 408 3896; x_wconf 83' lang='lat' dir='ltr'><strong>immanitate</strong></span> <span class='ocrx_word' id='word_1_413' title='bbox 420 3874 452 3883; x_wconf 93' lang='lat'><strong>-—</strong></span> <span class='ocrx_word' id='word_1_414' title='bbox 460 3847 652 3912; x_wconf 79' lang='lat' dir='ltr'><strong>proponenda:</strong></span> <span class='ocrx_word' id='word_1_415' title='bbox 740 3849 781 3899; x_wconf 86' lang='lat'><strong>20.</strong></span> <span class='ocrx_word' id='word_1_416' title='bbox 798 3846 892 3913; x_wconf 73' lang='lat' dir='ltr'><strong>Fores,</strong></span> <span class='ocrx_word' id='word_1_417' title='bbox 905 3844 1067 3911; x_wconf 82' lang='lat' dir='ltr'><strong>s.zulll.19,</strong></span> <span class='ocrx_word' id='word_1_418' title='bbox 1084 3846 1134 3896; x_wconf 91' lang='lat'><strong>44:</strong></span> <span class='ocrx_word' id='word_1_419' title='bbox 1144 3844 1226 3897; x_wconf 83' lang='lat' dir='ltr'><strong>domi.</strong></span> 
     </span>
    </p>
   </div>
   <div class='ocr_carea' id='block_1_4' title="bbox 0 0 1280 4410">
    <p class='ocr_par' dir='ltr' id='par_1_18' title="bbox 0 0 1280 4410">
     <span class='ocr_line' id='line_1_48' title="bbox 0 0 1280 4410; baseline 0 1"><span class='ocrx_word' id='word_1_420' title='bbox 0 0 1280 4410; x_wconf 95' lang='lat' dir='ltr'><strong> </strong></span> 
     </span>
    </p>
   </div>
  </div>
 </body>
</html>
