2550 4410
156 241 176 298 o
590 236 685 289 naun
701 236 741 290 ιιι.
759 238 817 302 aa.

156 416 316 495 pluresque
327 419 398 472 sunt.
409 408 499 471 animi
513 428 600 488 quam
613 408 757 487 eorporis.
784 408 849 469 iioe
863 408 945 469 euim
963 407 1034 490 ipso
1051 410 1149 473 odiosi
1162 422 1224 473 suat.

158 498 236 578 quod
252 497 287 558 ad
302 496 433 557 animum
450 496 604 574 pertinent
618 512 746 573 eumque
761 494 936 568 sollicitant,
958 497 1142 577 animatore
1153 514 1223 577 repo,

156 594 190 645 ut
201 584 242 644 ait
253 581 378 652 Ennius,
397 599 506 659 seraper
521 590 608 650 mot,
619 598 709 660 nepote
716 582 783 660 poti
791 598 881 659 napata
888 583 1010 660 perpete·
1020 590 1127 661 potest,
1143 598 1223 661 ratpert

156 686 316 749 numquam
338 668 450 728 desinit.
495 665 610 736 Quibus
639 663 757 725 duobus
779 663 906 738 morbis,
936 673 974 726 ut
998 666 1141 727 omittam
1161 666 1222 737 aiios

157 752 341 834 aegritudine
362 761 391 811 et
411 750 586 829 eupiditate,
609 749 660 828 qui
681 750 800 810 taudem
820 758 948 828 possunt
971 750 1006 811 iu
1030 758 1242 832 corporeasset

155 834 326 919 graviores?
353 836 409 907 Qui
425 854 495 895 vero
512 835 630 915 probari
646 844 761 913 potest,
781 845 815 894 ut
829 834 884 896 sibi
900 833 1020 897 mederi
1043 837 1166 899 animus
1178 854 1223 897 uon

157 925 260 1004 possit,
276 941 342 984 oum
356 922 447 1001 ipsam
460 920 635 981 medicinam
648 920 785 999 eorporis
799 920 915 981 animus
928 920 1100 997 invenerit,
1118 938 1222 1001 cumque

159 1011 193 1071 ad
217 1026 377 1088 corporum
400 1005 583 1067 sanationem
606 1006 730 1066 multum
753 1006 817 1084 ipsa
832 1022 959 1083 oorpora
975 1014 1010 1067 et
1026 1016 1139 1069 natura
1153 1006 1222 1067 relat

157 1114 214 1156 neo
225 1111 337 1163 omnes,
350 1092 400 1169 qui
413 1091 509 1152 curari
525 1109 556 1151 se
572 1091 650 1170 passi
666 1090 735 1161 sint,
751 1090 894 1151 continuo
910 1090 1001 1151 etiam
1018 1092 1222 1163 convalerent

157 1180 247 1240 animi
269 1187 383 1250 autem,
406 1177 456 1255 qui
478 1195 509 1236 se
531 1176 627 1237 sanari
650 1176 799 1236 volueriut
812 1175 1045 1255 praeceptisque
1062 1178 1224 1256 sapientium

120 1263 325 1345 operuerint,
346 1262 410 1322 sine
434 1262 490 1322 uiia
515 1261 699 1321 dubitatione
721 1257 885 1321 sanentur?
914 1258 969 1321 Est
992 1262 1141 1340 proiecto
1153 1260 1224 1323 auiuu'

157 1348 313 1421 medicina,
330 1346 525 1427 pbiiosophia,
541 1347 625 1408 ouius
637 1345 776 1407 auxilium
790 1364 861 1419 nou,
874 1346 949 1406 utin
962 1346 1113 1425 eorporis
1123 1346 1225 1417 morbis

158 1432 319 1513 petendum
335 1443 379 1494 est
395 1432 482 1505 ioris,
506 1431 704 1510 omnibusque
720 1430 827 1511 opibus
841 1429 970 1504 viribus,
996 1440 1032 1492 ut
1048 1430 1225 1513 nosmetipsi

158 1519 244 1580 uobis
257 1518 366 1579 mederi
379 1518 534 1596 possimus,
548 1516 759 1578 elaborandum
772 1524 826 1576 est.
849 1514 1039 1593 Quamquam
1053 1518 1095 1579 de
1107 1519 1225 1579 uuirerst

157 1604 352 1683 philosophia,
369 1611 479 1680 quanto
493 1620 583 1681 opere
595 1610 625 1662 et
638 1601 801 1680 expetenda
818 1609 895 1662 esset
909 1608 939 1662 et
953 1601 1099 1677 colenda,
1116 1604 1191 1677 satis,
1202 1610 1226 1663 ut

157 1690 294 1759 arbitror,
311 1689 421 1749 dictum
434 1697 478 1749 est
488 1688 519 1747 in
532 1686 701 1748 Hortensio.
733 1686 774 1747 De
787 1686 930 1747 maxumis
940 1696 1044 1748 autem
1058 1688 1157 1751 robus
1169 1686 1227 1749 nibi

157 1776 219 1836 iere
241 1774 453 1835 intermisimus
468 1782 569 1853 postea
586 1791 642 1832 neo
658 1771 807 1851 disputare
823 1789 879 1831 neo
893 1770 1039 1833 seribere.
1072 1772 1132 1836 llis
1146 1782 1228 1835 autem

156 1860 239 1921 libris
254 1860 385 1939 exposita
401 1868 471 1919 sunt
491 1876 542 1930 ea,
558 1875 634 1936 quae
648 1875 665 1917 a
682 1856 850 1918 nobiseum
866 1856 1066 1920 familiaribus
1084 1858 1227 1923 uostrisit

189 2015 212 2063 1.
225 2012 281 2061 Hor
297 2012 368 2060 enim
385 2012 452 2073 ipso,
471 2023 491 2062 s.
510 2007 535 2059 d.
548 2006 586 2059 ιιι.
599 2007 665 2061 Αιιιι.
717 2007 784 2074 rigor
807 2006 859 2059 und
881 2007 999 2073 weuigttr
1023 2008 1185 2077 erioigreieb
1203 2010 1228 2061 tu

189 2082 212 2130 2.
226 2082 368 2129 oninam-
378 2078 482 2127 desinit.
501 2075 666 2128 nusunntus'
718 2075 756 2127 als
771 2076 841 2140 jone.

152 2146 234 2227 iphig.
253 2144 336 2195 Aulid.
355 2143 470 2194 Ribbeck
488 2148 628 2196 vermutet:
753 2146 777 2196 8.
788 2144 885 2205 orbat,
897 2143 931 2193 im
944 2140 1130 2212 Singular,
1146 2147 1181 2199 im
1190 2146 1229 2198 Aa·

151 2215 269 2263 Animus
287 2227 368 2276 aeger
379 2208 481 2277 comper
496 2217 571 2263 errat
582 2211 667 2279 noque
718 2211 814 2264 echinis
829 2210 897 2264 blois
912 2224 946 2261 an
958 2209 1008 2263 tias
1025 2211 1113 2267 ietzte
1125 2214 1229 2281 Subicit

220 2283 280 2346 poti
297 2282 339 2342 (=
348 2283 443 2344 potiri)
462 2295 546 2345 noque
562 2278 668 2346 perpeti
718 2281 768 2331 wie
787 2278 865 2331 Arati.
883 2278 912 2331 ΙΙ.
927 2279 968 2344 35,
983 2282 1047 2333 113:
1069 2288 1100 2334 at
1111 2286 1230 2351 Por-ipae·

152 2348 227 2399 Po'tt'r
245 2352 284 2398 eet
302 2384 389 2399 .....
408 2349 504 2413 capara
521 2364 667 2414 numquam
719 2350 901 2399 mutaveras
919 2347 1074 2401 Academia
1094 2352 1216 2405 aonam

222 2415 327 2468 desinit.
753 2417 793 2469 13.
805 2413 875 2477 foria
887 2407 950 2467 ‘rou
969 2415 1133 2487 auswfirte‘,
1150 2422 1198 2473 trie
1207 2416 1230 2469 ιιι

151 2484 222 2537 Aber
237 2488 297 2552 pati
314 2484 449 2537 bedentet:
468 2483 542 2549 rubig
559 2484 667 2535 binneb-
718 2484 926 2547 or.1t.40,t·13:
943 2483 1030 2536 Foris
1041 2486 1231 2545 adsumentum

151 2553 457 2686 e‘t‘tti'bibb'*
469 2553 668 2672 iiiii'n‘b‘i'fl
718 2555 897 2672 ibi‘i'2'⁹²⁴⁶'
918 2567 939 2605 ⁸*
958 2551 975 2603 ¹'
996 2554 1040 2619 ²⁹’
1060 2558 1097 2609 ⁷¹
1120 2572 1154 2609 ⁸¹¹
1171 2556 1232 2609 ⁰¹*

174 2638 198 2674 m
213 2638 233 2674 n
298 2638 312 2673 e
831 2656 838 2672 .

150 2694 208 2756 pati
224 2692 281 2742 eine
294 2660 447 2755 Steigerunp}
459 2689 524 2740 naob
537 2637 667 2741 Grad'imd
758 2638 808 2740 bis
831 2686 983 2755 Asyndetou
1009 2692 1115 2755 aptam
1144 2694 1231 2745 oerum

152 2757 247 2819 bauer,
271 2759 326 2809 also
346 2757 410 2809 auob
429 2758 503 2808 einen
521 2756 666 2823 Gegensata
717 2756 780 2822 (νει.
806 2756 824 2811 ι.
853 2758 898 2819 14,
925 2757 968 2820 31)
999 2756 1162 2814 bezeichnet
1186 2760 1231 2813 eine

151 2824 311 2875 bezeioirnet.
716 2823 933 2877 nacbdruckiiobe
957 2822 1173 2895 ilervorbebuug
1196 2826 1230 2879 dot

188 2893 211 2942 6.
228 2894 392 2957 probarint,
409 2890 459 2942 wie
471 2892 615 2942 verisimile
627 2897 667 2943 est
717 2892 835 2959 Begriffs,
849 2891 960 2944 weiober
974 2891 1020 2943 der
1037 2892 1168 2962 folgeude
1178 2898 1230 2949 Aue

151 2964 183 3009 ut
195 2974 242 3009 nur
255 2959 279 3010 iu
293 2960 376 3011 oinem
389 2959 524 3022 negativen
536 2960 613 3011 Satze
623 2975 668 3024 ge·
717 2959 797 3013 druok
807 2960 1000 3011 elaborandum
1010 2965 1172 3031 antapriebt.
1190 2966 1231 3016 A*

152 3027 311 3091 briuebliob,
328 3027 363 3078 ist
379 3030 501 3091 sermore
519 3028 589 3078 einer
604 3027 667 3079 Ver·
718 3029 776 3081 ders
797 3032 836 3092 11,
855 3031 896 3081 25.

151 3095 319 3160 weebseiung
328 3094 373 3146 der
384 3093 549 3158 subjeirtiven
558 3096 610 3147 und
620 3097 666 3148 ob·
753 3099 792 3150 14.
804 3097 836 3147 do
845 3099 972 3147 uniuersa
981 3098 1175 3167 philosophia,
1183 3096 1230 3153 att

149 3163 543 3229 jektivenFoigeverirbrztaus
555 3167 667 3229 probari
719 3167 743 3229 1,
761 3168 777 3217 4
795 3180 825 3216 zu
844 3166 1006 3216 urrtomaau

151 3238 182 3282 ut
200 3233 339 3283 credamus
357 3232 403 3282 mit
421 3231 481 3283 Aeo.
495 3230 575 3284 elui.
605 3232 663 3297 Vgi.
753 3236 792 3284 15.
816 3233 964 3299 ooepatmdo
986 3237 1065 3286 amat.
1104 3224 1230 3289 {therua

151 3300 184 3353 de
201 3299 245 3351 tin.
264 3300 292 3351 li.
305 3302 345 3363 33,
363 3302 424 3353 108:
443 3300 496 3363 Qut
512 3301 543 3351 td
552 3303 668 3366 probari
717 3302 790 3365 Gouj,
810 3300 910 3368 imperi.
933 3315 955 3352 s.
972 3300 990 3352 Ι.
1012 3305 1071 3367 1,1
1099 3320 1134 3356 zu
1158 3306 1229 3373 porti·

146 3373 244 3437 potest,
262 3373 294 3419 ut
308 3374 374 3420 ia-
381 3371 443 3435 plus
457 3384 536 3433 quam
549 3384 598 3433 ego
610 3372 665 3435 ipae
716 3374 819 3421 amant.

147 3439 286 3505 gaudeat?
313 3438 348 3489 So
361 3437 427 3488 auob
442 3432 666 3499 efficere‘bewei-
753 3439 792 3490 16.
810 3440 841 3487 ia
859 3436 1010 3506 Hortensio,
1029 3452 1051 3489 s·
1071 3454 1108 3491 zu
1127 3439 1156 3496 Ιι.
1175 3440 1229 3503 1,1

150 3498 210 3558 sen'
227 3506 279 3557 und
298 3513 386 3557 tenero
410 3506 456 3555 mit
478 3510 509 3555 ut
525 3499 570 3558 ‘an
596 3505 666 3556 einer
750 3506 791 3555 Da
818 3505 953 3555 mooeumis
978 3506 1075 3557 robus:
1107 3495 1179 3561 [Iber
1198 3506 1229 3559 ιιι

149 3574 259 3626 Ansiobt
276 3565 436 3626 iestbaiten'.
465 3572 495 3624 V.
510 3575 550 3638 11,
569 3575 610 3625 34.
638 3571 665 3626 S.
718 3570 997 3638 wiebtigsteuiiapitel
1016 3572 1228 3643 ouerrngm-

150 3643 215 3694 auch
235 3659 256 3693 z.
274 3643 292 3694 ι.
311 3645 335 3707 8,
356 3645 400 3703 16,
420 3643 461 3705 38,
479 3645 520 3694 91.
717 3642 790 3693 loeis.
820 3640 1228 3697 urmetntbesonuerstteme

147 3768 156 3791 ζ
192 3714 215 3761 t.
245 3715 330 3774 ipram
355 3712 517 3791 medicinam
544 3712 666 3776 eorporis
717 3705 821 3760 dorrtioo
838 3708 889 3760 und
909 3707 952 3759 die
963 3706 1067 3761 Biieher
1089 3712 1125 3764 da
1141 3712 1228 3777 Ιίιιιιιι

152 3777 665 3922 tegit,”titittbtbtzttitit
717 3776 1228 3913 tttttttttt‘t'tttunt,

152 3910 272 3978 wrrkung
289 3912 395 3966 auderet
411 3912 538 3965 Einssitsse
556 3914 665 3965 sobuie-
716 3913 839 3966 sebieden
855 3928 906 3964 von
924 3916 1053 3965 omittere.
