2550 4410
67 206 109 265 ue
412 207 509 263 uana
524 208 567 265 ιι.
586 212 679 275 suae
698 212 791 278 tum

70 396 178 457 operae
196 380 416 441 consumitura
433 382 555 456 Stoicis,
571 380 696 442 maxime
711 398 728 441 a
744 380 940 463 Chrysippo,
965 382 1044 445 dum
1058 379 1154 443 morbis

69 479 229 541 corporum
245 473 435 544 comparatur
450 466 623 527 morborum
639 466 729 527 animi
743 466 935 543 similitudo;
953 468 1153 547 quaeratione

67 549 273 626 praetermissa
295 550 416 611 minime
441 552 608 613 necessaria
629 570 676 625 ea,
698 569 774 631 quae
795 569 865 613 rem
888 553 1079 628 continent,
1098 570 1154 633 per·

33 643 45 693 ι
68 639 238 695 tractemus.
282 634 475 716 intellegatur
503 636 595 716 igitur
621 635 884 715 perturbationem
914 637 1107 701 iactantibus
1129 656 1155 699 ee

68 717 261 795 opinionibus
282 720 490 782 inconstanter
511 730 541 782 et
560 720 679 783 turbide
693 721 724 782 iu
746 729 832 783 motu
847 740 920 785 esse
935 742 1081 806 semper;
1099 726 1177 785 euml

68 811 166 862 autem
189 802 236 864 hic
263 804 363 865 iervor
388 806 609 885 concitatioque
634 805 724 867 animi
745 806 930 869 inveteravit
958 816 993 870 et
1018 818 1155 889 tanquan

67 884 98 945 in
121 887 203 949 venis
224 889 420 969 medullisque
442 891 564 964 insedit,
586 901 651 952 tum
672 890 788 953 exsistit
808 900 841 952 et
861 892 1003 955 morbus
1018 903 1051 955 et
1064 912 1155 973 aegre·
1193 934 1195 945 ·

67 970 140 1031 tatio
156 973 383 1068 et'oiiensiones
397 994 459 1051 eae,
475 995 551 1055 quae
565 986 636 1038 sunt
650 976 694 1039 eis
707 974 820 1038 morbis
835 978 1154 1059 aegrotationibusque

68 1064 245 1118 contrariae.
829 1076 834 1083 '

33 1146 50 1198 1
154 1140 249 1216 Haec,
274 1162 349 1223 quae
365 1146 447 1222 dico,
470 1147 650 1227 cogitatione
666 1146 745 1207 inter
758 1164 791 1207 se
805 1144 980 1223 differunt,
997 1168 1035 1211 re
1048 1149 1155 1230 quiden
1167 1150 1195 1231 11Ι

69 1224 206 1301 copulata
229 1237 311 1303 sunt,
334 1250 428 1310 eaque
451 1232 591 1295 oriuntur
612 1250 648 1292 ex
670 1229 794 1293 libidine
816 1240 848 1292 et
871 1250 910 1293 ex
926 1232 1059 1295 laetitia.
1093 1234 1155 1296 llen
1193 1254 1195 1262 ·

69 1325 136 1369 cum
167 1322 211 1372 est
240 1316 400 1395 concupita
421 1317 547 1397 pecunia
568 1334 626 1378 nec
646 1314 776 1377 adbibita
802 1317 961 1382 continuo
984 1320 1065 1383 ratio
1086 1318 1156 1399 quati

70 1394 214 1470 quaedem
226 1397 376 1462 Socratica
388 1403 543 1477 medicina,
560 1419 637 1481 quae
650 1410 770 1463 sanaret
783 1419 850 1463 eam
866 1403 1086 1483 cupiditatem,
1099 1422 1156 1485 per·

70 1488 169 1541 manat
182 1481 213 1542 in
229 1500 320 1547 renas
335 1496 365 1548 et
380 1488 515 1550 inhaeret
530 1488 561 1550 in
576 1485 738 1548 visceribus
753 1485 825 1547 illud
839 1487 975 1563 malum,
993 1490 1156 1569 exsistitqu

69 1564 192 1628 morbus
205 1578 234 1629 et
248 1572 427 1650 aegrotatio,
451 1591 525 1652 quae
541 1571 625 1634 evelli
640 1571 803 1632 inveterata
818 1590 884 1633 non
900 1584 1060 1653 possunt,
1082 1575 1158 1654 eique

34 1656 49 1706 5
72 1650 180 1712 morbo
196 1673 307 1718 nomen
324 1668 370 1720 est
383 1663 520 1721 auaritia.
549 1656 749 1734 Similiterque
764 1656 858 1717 ceteri
872 1658 995 1735 morbi,
1012 1669 1048 1723 ut
1060 1660 1159 1741 glum

71 1738 228 1815 cupiditas,
255 1750 290 1803 ut
309 1744 518 1820 mulierositas,
544 1750 579 1803 ut
598 1742 639 1802 ita
663 1740 809 1821 appellem
836 1759 920 1817 eam,
947 1762 1034 1823 quae
1056 1745 1158 1807 Graece

75 1820 255 1906 φιλογυνία
271 1828 389 1904 dicitur,
420 1829 570 1908 ceterique
592 1825 727 1888 similiter
745 1824 845 1888 morbi
871 1830 1158 1909 aegrotationesque

72 1918 247 1972 naseuntur.
281 1912 364 1984 Quae
379 1926 478 1976 autem
493 1921 564 1977 sunt
578 1911 624 1973 his
639 1910 802 1984 contraria,
826 1929 862 1971 ea
879 1913 970 1975 nasci
987 1924 1157 1995 putantnra

72 2002 169 2068 metu,
192 2004 226 2056 ut
246 1998 343 2060 odium
364 2000 534 2073 mulierum,
559 1996 645 2077 quale
667 1995 697 2056 in
719 1992 893 2079 μισογύνῳ
907 1998 988 2061 Atili
1004 2010 1068 2075 θεῖ,
1088 1998 1190 2061 11ῑῦ1

71 2072 222 2142 bominum
245 2087 541 2163 universumpecus,
565 2081 645 2162 quod
672 2080 840 2160 accepimus
866 2081 905 2142 de
932 2082 1089 2161 Timone,
1114 2083 1157 2165 qui
1193 2062 1195 2105 Ι

108 2246 132 2294 1.
150 2261 167 2295 u
185 2246 343 2316 Chrysippo,
362 2266 381 2302 s.
397 2266 428 2302 zu
439 2250 457 2301 l.
471 2253 512 2314 45,
528 2251 586 2303 108.
636 2275 669 2287 -
691 2246 718 2299 in
739 2245 785 2299 der
806 2240 920 2300 Praxis'.
959 2236 1039 2305 liber
1060 2252 1157 2319 quida
1193 2246 1195 2279 ³

107 2312 132 2363 2.
151 2321 332 2382 eomparatur,
350 2333 371 2370 s.
390 2334 423 2370 uu
434 2317 471 2371 lll.
484 2320 526 2382 31,
539 2320 585 2371 rt:
638 2331 659 2368 s.
677 2330 710 2366 zu
727 2314 746 2367 l
764 2317 806 2379 at,
817 2316 859 2368 dl.

73 2383 241 2446 imminuit&
267 2415 297 2423 -
320 2389 475 2438 morborum
501 2389 587 2437 animi
672 2385 712 2435 13.
735 2398 804 2448 quae
823 2388 953 2449 amaret,
979 2385 1157 2441 kcndizlonal:

71 2451 229 2519 similitude,
246 2453 331 2508 Absit.
345 2471 391 2523 pro
405 2455 502 2508 Concu:
515 2457 588 2505 rimi·
637 2450 737 2502 welche
754 2449 840 2503 beileu
857 2450 963 2505 wllrde.
1193 2462 1195 2471 '

73 2517 111 2569 lea
134 2525 218 2573 animi
238 2527 337 2585 morbi;
361 2540 381 2576 s.
399 2522 437 2575 lll.
457 2527 485 2588 5,
505 2527 536 2588 tl
555 2537 587 2573 zu
674 2522 714 2573 15.
733 2518 817 2583 euelli,
834 2517 889 2584 vgl.
910 2522 954 2585 14,
968 2523 1016 2576 32

72 2590 285 2643 mediocritatem
313 2591 475 2656 officiorum.
520 2590 588 2642 Uber
674 2589 714 2639 tt.
727 2588 1052 2651 eampum-dieitur.
1075 2588 1159 2659 Veli

73 2654 125 2709 den
143 2659 286 2727 Gegensatz
304 2676 355 2712 von
374 2675 517 2726 corporum
534 2656 587 2711 und
640 2657 680 2719 10,
700 2656 744 2707 19:
762 2670 831 2720 quae
848 2655 1003 2711 damonia
1022 2660 1133 2713 dicim.

74 2727 159 2776 enimi
177 2743 197 2780 s.
216 2744 247 2779 zu
265 2728 293 2779 ll.
312 2730 353 2790 23,
366 2731 408 2781 54.
681 2724 721 2776 18.
750 2724 882 2788 cetumque
907 2728 1046 2779 similiter·
1069 2728 1160 2789 narii

110 2809 163 2856 quo
182 2789 386 2847 oratioue‘eine
402 2792 590 2847 Auseinander·
638 2790 732 2855 listige
748 2788 964 2857 Wiederbolnng.
1000 2794 1104 2858 (Cicero
1121 2796 1160 2847 ht

75 2862 184 2925 setzung
207 2853 348 2923 hierirber';
373 2878 394 2914 s.
411 2862 429 2913 l.
448 2865 489 2926 19,
501 2865 533 2914 45
556 2877 588 2913 zu
640 2873 672 2909 an
690 2858 732 2909 die
749 2856 858 2923 fluetus
872 2857 1090 2922 gesebriebeneu
1101 2862 1161 2917 TW·

76 2926 142 2975 lmec
156 2928 338 2992 pulchritudo.
640 2925 748 2978 culsnen
770 2924 812 2977 die
832 2924 913 2979 letzte
933 2924 1016 2983 llend
1033 2932 1107 2985 nicbt
1121 2944 1162 2983 ιιι-

110 2996 134 3045 4.
161 2996 352 3062 intellegatur,
378 2995 433 3047 bier
459 2997 506 3048 mit
532 2995 589 3048 dem
641 2993 746 3060 gelegt)

75 3059 136 3115 Ace.
156 3079 177 3115 c.
196 3064 253 3126 lni.;
280 3064 346 3115 oben
370 3064 440 3129 6,13
464 3064 511 3115 mit
532 3063 590 3115 dem
678 3064 717 3115 19.
736 3061 990 3125 Quae—mutuo
1009 3068 1160 3119 curaberis:

75 3128 177 3184 Nomio.
196 3148 217 3184 e.
237 3131 309 3184 lulin.
641 3129 682 3182 die
700 3129 868 3192 offensiones.

111 3203 134 3253 5.
154 3200 426 3252 eum-inueterauit
443 3202 506 3263 cet,
523 3213 544 3250 s.
562 3199 590 3252 ll.
676 3200 717 3251 20.
733 3197 825 3248 odium
841 3196 1081 3253 mliorem—in
1097 3203 1160 3253 bon.

77 3269 102 3333 7,
116 3273 145 3322 ll
165 3285 197 3321 zu
214 3267 478 3332 Adfirmat-dicet.
641 3281 688 3317 uo.
701 3280 796 3330 geum.
824 3262 872 3315 Eln
889 3264 1161 3323 ibuliebechclttel

113 3341 136 3390 7.
159 3342 190 3389 io
207 3340 281 3388 umis
297 3335 480 3402 medullisque.
515 3333 591 3387 lliese
642 3333 687 3385 der
698 3330 892 3398 Konstrulrtion,
904 3332 958 3386 wie
970 3337 999 3400 ’1,
1011 3338 1161 3391 ibboleni-

75 3400 237 3470 Ausdrirelre,
255 3405 336 3456 sowie
353 3406 456 3455 uiscera
474 3404 591 3467 (11,25),
641 3404 720 3452 icere.
805 3461 813 3482 U

75 3474 181 3527 werden
200 3474 239 3528 oit
257 3472 363 3525 bildlicb
381 3471 529 3538 gebraucbt,
546 3485 590 3522 um
676 3472 706 3520 iu
717 3484 781 3535 μισο
824 3472 856 3533 'qi
864 3467 944 3533 Atili,
956 3470 1036 3525 einer
1047 3471 1161 3527 Bearbei·

75 3535 124 3594 des
148 3542 209 3596 licie
232 3541 295 3595 oder
318 3541 477 3605 verborgeue
501 3538 590 3589 lucere
640 3540 768 3602 tungren
804 3533 930 3587 eneude'rs
961 3536 1161 3609 leiebnsnigen

74 3615 110 3657 zu
122 3610 287 3673 bezeichnen,
300 3607 390 3674 vgill.
403 3610 428 3672 9,
439 3611 483 3668 2⁵13
497 3607 523 3658 in
535 3605 590 3659 Cat.
641 3603 778 3671 Lustspiel.
796 3630 831 3642 —
850 3601 905 3654 lien
957 3606 1100 3677 .Atillns,
1121 3606 1161 3661 du

72 3664 92 3719 ¹·
116 3680 157 3745 13,
169 3684 216 3740 ³1,
234 3677 259 3728 u
278 3676 345 3730 ruri.
362 3676 380 3727 ι.
400 3679 440 3739 ιι,
453 3677 495 3729 aa.
642 3672 707 3724 naeu
725 3672 757 3724 ae
773 3670 855 3752 uui.
873 3673 926 3736 aa
950 3674 1022 3729 nucu
1041 3676 1161 3745 unum

113 3745 155 3798 11).
173 3748 256 3808 Huee,
279 3760 347 3810 quae
365 3744 434 3809 dieo,
451 3759 487 3795 sc.
505 3744 593 3794 morbi
642 3755 705 3806 war,
717 3745 797 3792 neunt
806 3739 894 3791 Greero
904 3739 938 3791 ad
946 3740 1005 3797 stt
1019 3742 1160 3809 illumi

71 3806 103 3849 θ*
121 3816 327 3878 aegrotationes.
641 3813 722 3875 petto
739 3808 904 3859 durissimus.

111 3871 413 3945 cogitatione-redis
425 3878 469 3931 der
482 3877 591 3929 'l'beorie
673 3874 817 3928 illimem
826 3874 1159 3945 autumaremus·
