2550 4410
522 857 637 919 irone
659 856 865 920 sncuuuus
1264 824 1267 931 1

488 989 529 1042 nn
547 989 741 1043 ronennnno
759 988 894 1043 nocens.
1256 966 1267 1141 p

1264 1170 1267 1249 l

122 1254 138 1308 1
242 1245 453 1325 Neoptolemus
481 1247 600 1326 quidem
627 1247 705 1326 apud
730 1247 861 1309 Ennium
886 1246 1089 1329 philosophari
1113 1247 1172 1309 sili
1192 1246 1224 1307 ait
1265 1266 1267 1287 ¹

121 1344 135 1395 l
154 1349 262 1392 neccsse
288 1349 357 1403 esse,
380 1332 428 1393 sed
435 1335 554 1413 pauci33
580 1351 649 1394 nom
664 1337 780 1395 omnr'no
794 1332 873 1395 houd
890 1332 1009 1412 placere.
1041 1330 1107 1413 Ego
1124 1340 1223 1401 autem,

154 1416 256 1490 Brute,
272 1434 394 1478 necesse
406 1417 476 1477 mihi
489 1417 607 1495 quidem
621 1436 684 1479 esse
697 1417 825 1478 arbitror
839 1416 1040 1497 philosophari
1048 1435 1058 1493 ;
1075 1436 1148 1479 nam
1163 1415 1224 1497 quil
1265 1484 1267 1503 Ι

154 1520 293 1582 possum,
317 1502 488 1580 praesertim
505 1502 578 1563 nihil
592 1520 699 1581 agens,
722 1521 808 1582 agere
822 1499 949 1563 melius?
972 1500 1023 1563 sed
1040 1520 1103 1563 non
1120 1501 1224 1582 paucis,

155 1597 187 1649 ut
201 1588 259 1649 ille.
300 1586 424 1648 Difficile
440 1596 485 1649 est
500 1587 579 1648 enim
595 1587 625 1647 in
643 1586 829 1666 philosophia
844 1605 937 1666 pauca
953 1604 1017 1648 esse
1033 1586 1061 1648 ei
1078 1596 1167 1663 nota,
1182 1585 1248 1648 cuit
1265 1604 1267 1655 ;

155 1692 216 1734 non
243 1672 303 1734 sint
323 1681 374 1734 aut
388 1673 530 1752 pleraque
551 1682 601 1734 aut
617 1672 725 1732 omnia.
755 1672 828 1733 Nam
845 1690 901 1734 nec
917 1689 1010 1750 pauca
1026 1672 1085 1734 nisi
1100 1691 1119 1733 e
1134 1671 1225 1734 multis

154 1759 221 1838 eligi
234 1766 361 1838 possunt
375 1777 441 1832 nec,
458 1756 508 1837 qui
525 1776 618 1836 pauca
632 1758 808 1837 perceperit,
826 1775 887 1818 non
904 1756 980 1817 idern
996 1756 1113 1836 reliqua
1128 1758 1225 1820 eodem

117 1853 132 1903 2
154 1844 251 1906 studio
274 1853 479 1923 persequetur.
519 1842 577 1904 Sed
593 1841 738 1903 tamenin
760 1843 816 1903 vita
832 1851 975 1921 occupata
991 1850 1089 1920 atquc,
1105 1851 1142 1904 ut
1157 1842 1226 1903 llco·

154 1928 276 2007 ptolemi
298 1939 360 1988 tum
382 1936 459 1997 erat,
485 1926 602 1987 militari
625 1946 718 2006 pauca
737 1927 800 2007 ipsa
815 1927 940 1988 multum
955 1944 1043 2006 saepe
1060 1936 1190 2005 prosunt
1202 1934 1226 1987 et

154 2014 256 2073 ferunt
278 2012 409 2085 fructus,
436 2011 460 2072 si
484 2029 545 2071 non
567 2019 679 2083 tantos,
707 2005 867 2090 quanti'ex
887 2011 1024 2072 universa
1045 2011 1259 2092 philosophiall

154 2096 268 2176 percipi
283 2104 418 2174 possunt,
434 2104 532 2156 tamen
549 2115 615 2170 eOS,
631 2095 740 2176 quibus
755 2097 850 2176 aliqua
866 2115 902 2157 ex
916 2105 1000 2176 parte
1014 2095 1169 2159 interdurn
1183 2104 1227 2158 ant

153 2180 314 2260 cupiditate
325 2190 375 2240 aut
387 2180 571 2257 aegritudine
585 2190 638 2242 aut
648 2192 730 2243 metu
744 2181 919 2257 liberemur;
935 2181 1013 2243 velut
1027 2199 1065 2241 ex
1080 2200 1116 2243 ea
1130 2182 1226 2261 ‹lispu-

155 2267 282 2341 tatione,
307 2283 382 2344 quae
405 2265 476 2325 mihi
498 2284 596 2345 nuper
616 2266 713 2328 habita
729 2275 773 2328 est
787 2266 818 2327 in
835 2266 1012 2340 Tusculano,
1027 2283 1139 2346 magna
1154 2266 1227 2328 vide·

153 2350 241 2413 batur
262 2351 366 2412 mortis
388 2352 491 2412 ellectu
512 2351 712 2432 contemptio,
738 2370 813 2430 quae
840 2370 901 2412 non
929 2351 1085 2412 minimum
1105 2350 1227 2413 1311111

153 2437 284 2498 animum
301 2445 382 2497 rnetu
398 2436 592 2500 liberandum.
630 2437 702 2498 Nam
719 2434 823 2514 quiid,
845 2436 924 2515 quod
940 2435 1023 2497 vitari
1045 2454 1108 2497 non
1126 2436 1260 2516 potestll

152 2523 273 2599 metuit,
289 2523 314 2584 is
329 2522 424 2584 vivere
439 2523 538 2583 animo
555 2522 655 2600 quieto
671 2519 857 2584 nullomodo
873 2528 985 2599 potest;
1011 2521 1063 2582 sed
1079 2520 1147 2600 qui,
1171 2538 1227 2582 non

190 2692 212 2741 1.
230 2687 419 2752 Neoptolemus
444 2673 519 2752 op'od
534 2689 666 2739 Ennium:
718 2679 882 2757 ὀξύμωρον,
905 2687 955 2738 wie
977 2685 1009 2739 de
1032 2684 1079 2738 off.
1102 2685 1143 2740 lll.
1164 2690 1186 2749 l,
1206 2689 1228 2739 1:

153 2758 180 2808 in
203 2755 272 2807 einer
298 2754 446 2806 verlorenen
470 2753 597 2820 Tragodie
621 2755 665 2807 des
717 2771 864 2820 noniquam
884 2772 913 2805 re
932 2757 1022 2805 minus
1045 2756 1164 2805 otiorum
1180 2769 1229 2804 eree

153 2823 258 2874 Ennius.
293 2820 365 2873 Naeh
384 2821 499 2873 Ribbeck
510 2823 607 2876 lautete
625 2823 666 2875 die
717 2839 797 2887 quam
810 2827 990 2875 remotiores.
1016 2821 1096 2873 Nihil
1105 2821 1229 2887 egumia

151 2891 235 2945 Stelle
253 2904 294 2942 so:
718 2890 805 2956 Bezug
831 2890 877 2942 aul
896 2890 998 2943 Ciceros
1016 2890 1117 2955 jetzige
1146 2889 1229 2942 Nicht·

188 2957 376 3023 Plriloroplrari
392 2956 667 3023 commutescat
718 2959 879 3023 beleiligung
901 2973 941 3010 am
964 2957 1121 3024 politlschen
1139 2956 1229 3010 Lebea.

185 3026 297 3092 paricir;
309 3041 371 3076 nam
382 3026 664 3090 omninotcrttplaeet.
716 3026 774 3093 ugl.
791 3025 810 3078 l.
824 3028 847 3091 1,
862 3029 884 3080 1.

79 3118 82 3122 ·
187 3092 390 3158 Degustandum
399 3110 434 3144 ec
451 3092 492 3159 ed,
502 3097 594 3147 nonin
607 3110 665 3145 eam
751 3097 775 3147 9.
793 3097 860 3159 ipso,
873 3109 894 3146 s.
907 3109 929 3147 z.
941 3092 959 3148 l.
973 3096 1015 3158 21,
1027 3096 1074 3147 49:
1099 3097 1161 3161 ipra
1173 3109 1230 3146 auc·

187 3161 413 3226 ingurgitandum
431 3160 529 3214 corneo.
719 3165 837 3216 toritate.

192 3229 247 3281 Wie
266 3233 363 3296 paucis
383 3246 415 3283 zu
434 3232 582 3297 verstehen‚
600 3231 667 3282 lehrt
754 3232 794 3282 tu.
812 3233 938 3281 unioma
954 3229 1061 3296 philon,
1082 3228 1136 3297 rgl.
1155 3232 1230 3283 unul

152 3298 199 3351 der
212 3297 354 3363 Gegensatz
369 3301 484 3350 omnino.
497 3329 530 3338 —
543 3298 667 3364 Ubrlgens
722 3302 743 3362 l,
764 3300 787 3351 l.

154 3367 234 3434 vergl.
253 3365 377 3418 Kallikles
395 3367 421 3418 in
445 3366 510 3419 Plat.
529 3365 620 3432 Georg.
643 3383 667 3432 p.
755 3369 796 3418 13.
813 3366 882 3416 milri
898 3366 991 3415 tabita
1009 3368 1055 3415 est.
1091 3362 1142 3416 Der
1159 3363 1231 3417 llatlr

153 3438 205 3488 484
223 3450 248 3487 c:
275 3435 436 3504 Φιλοσοφία
459 3428 516 3506 γάρ
538 3434 584 3490 τοί
606 3430 667 3489 ἐστι
720 3432 808 3485 becalt
832 3432 897 3484 auch
922 3433 976 3485 hier
999 3432 1070 3484 scine
1096 3436 1231 3498 ursprung·

151 3503 270 3573 7opler,
301 3497 338 3558 ἄν
365 3521 407 3568 τις
439 3496 528 3558 αὐτοῦ
544 3502 669 3574 μετρίως
720 3501 787 3553 liche
805 3499 957 3566 Bedeutung
975 3498 1017 3552 bei
1035 3497 1087 3551 und
1111 3499 1232 3552 wirdnn

154 3559 264 3641 ἅψηται
290 3566 323 3625 ἐν
350 3573 385 3640 τῇ
411 3563 517 3652 ᾗλικὶᾳ·
553 3563 607 3625 ἐὰν
638 3565 667 3625 δὲ
721 3568 855 3621 scheinbar
877 3572 939 3620 statt
962 3570 995 3619 ab
1018 3565 1070 3618 und
1093 3567 1154 3619 dem
1178 3565 1231 3622 Abl.

154 3632 316 3709 περαιτέρω
333 3642 385 3694 τοῦ
400 3641 518 3702 locutor
530 3636 667 3709 ἐνδιατρί-
720 3638 767 3688 mit
785 3636 842 3688 dem
861 3635 932 3688 Pass.
954 3634 1113 3690 verbunden.
1132 3634 1192 3701 Vgl.
1208 3633 1232 3687 11

154 3722 205 3778 ψῃ,
223 3708 267 3760 δια
291 3700 369 3778 90ρὰ
387 3709 447 3761 τῶν
464 3699 637 3779 ἀνθρώπων.
721 3708 745 3767 4,
761 3708 805 3757 10:
823 3706 1067 3765 arcitenentum,
1089 3701 1120 3756 V.
1134 3705 1177 3770 24,
1190 3705 1232 3757 63:

189 3776 213 3825 4.
232 3775 263 3825 ni
282 3774 304 3823 tt
315 3790 404 3840 agene,
418 3789 500 3839 ogere
511 3775 614 3840 melius,
627 3773 669 3825 ein
721 3772 851 3824 Sumatur
868 3800 900 3810 —
919 3773 1002 3825 nobis.
