2550 4410
154 186 196 243 34
504 184 875 253 unumunurn.

156 377 233 419 rum.
265 356 316 430 lta,
336 357 435 428 credo,
451 358 488 418 de
503 358 619 418 honore
635 368 686 417 aut
701 356 737 417 de
752 356 895 433 dignitate
910 358 1142 420 contendimus.
1169 358 1225 419 blibi

155 461 303 505 summum
325 443 354 503 in
378 443 476 503 animo
492 442 606 504 bonum
621 442 753 514 ridetur,
775 443 816 503 illi
832 452 931 502 autem
948 442 980 503 in
997 461 1150 523 corpore,
1168 443 1225 503 niu

155 530 187 590 in
202 528 319 599 virtute,
335 528 376 588 illi
391 528 421 587 iu
438 528 596 607 voluptate.
625 526 663 588 Et
677 526 718 588 illi
734 538 871 606 pugnant
886 528 1059 606 etquidem
1075 529 1224 590 vicinomu

155 615 244 675 tidem
266 612 440 692 implorant;
463 613 547 674 multi
571 621 669 673 antem
693 623 765 673 sunt
781 613 946 691 quistatim
963 614 1141 675 convolent.
1174 613 1224 691 Ego

155 718 221 761 sum
237 699 276 770 is,
293 699 344 776 qui
359 698 454 759 dicam
466 718 514 757 me
530 717 591 758 non
609 698 752 770 laborare,
767 707 866 759 actum
882 696 1060 759 habiturum
1077 700 1158 779 quod
1170 706 1243 777 ege-t

102 796 131 846 51
155 784 226 845 rint.
250 784 327 854 Quid
340 781 444 844 enim?
459 782 585 844 debello
597 782 712 843 Punico
726 780 846 861 agitur?
862 782 898 843 de
914 801 976 861 qno
990 783 1063 863 ipso
1078 803 1149 846 cum
1162 784 1224 845 aliud

156 870 196 930 Μ.
213 868 326 939 Catoni,
342 868 420 929 aliud
437 868 470 928 L.
484 868 612 928 Lentulo
623 868 782 941 videretur,
799 868 879 929 nulla
891 868 972 929 inter
983 887 1040 931 eos
1056 869 1223 931 concertatio

156 972 298 1032 nmquam
318 953 382 1014 fuit.
420 953 458 1012 lli
474 952 563 1014 nimis
578 953 719 1014 iracunde
741 962 850 1031 agunt,
872 954 1053 1031 praesertim
1069 974 1139 1016 cum
1155 954 1224 1016 abiis

156 1059 218 1101 non
235 1057 307 1100 sane
322 1039 455 1099 animosa
471 1039 647 1099 defendatur
661 1039 823 1111 sententia,
845 1056 901 1117 pro
917 1055 976 1116 qua
991 1058 1060 1100 non
1076 1041 1108 1101 in
1125 1050 1222 1110 senam,

157 1144 219 1186 non
236 1124 266 1184 in
283 1121 440 1195 contione,
460 1142 521 1183 non
539 1124 617 1202 apud
633 1123 795 1184 exercitum
812 1142 910 1201 neque
924 1123 962 1183 ad
977 1141 1128 1187 censores
1142 1126 1248 1187 diceret

156 1209 294 1269 audeant.
326 1209 384 1268 Sed
406 1227 473 1268 cum
497 1208 560 1269 istis
582 1209 668 1279 alias,
691 1219 722 1269 et
744 1229 779 1268 eo
796 1208 913 1286 quidem
927 1208 1051 1283 animo,
1075 1211 1187 1272 nullum
1198 1220 1223 1271 nt

157 1304 307 1354 certamen
331 1292 498 1366 instituam,
524 1312 626 1354 rernm
649 1293 817 1354 dicentibus
838 1294 924 1353 lacile
945 1294 1065 1357 cedam·
1110 1297 1221 1358 Tantuu

157 1378 334 1450 admonebo,
350 1379 374 1439 si
385 1378 511 1440 maxime
522 1397 626 1439 rerum
641 1379 680 1440 sit
693 1378 729 1439 ad
745 1397 855 1457 eorpus
870 1378 968 1439 omnia
986 1383 1106 1443 rel’erre
1121 1382 1222 1461 sapien·

156 1476 218 1524 tem
230 1462 299 1536 sire,
315 1474 349 1523 ut
359 1464 516 1525 honestius
528 1464 632 1536 dicam,
649 1464 722 1525 nibil
734 1467 831 1525 lacere
843 1463 899 1524 nisi
915 1464 996 1542 quod
1012 1467 1163 1545 expediat,
1176 1466 1222 1529 sire

158 1549 257 1609 omnia
270 1551 382 1610 rel'erre
397 1549 432 1609 ad
449 1549 605 1609 utilitatem
620 1567 718 1621 suam,
743 1549 883 1624 quoniam
899 1549 972 1609 haee
988 1550 1161 1629 plausibilia
1174 1571 1223 1614 non

159 1644 238 1708 sunt,
253 1634 332 1695 utin
348 1634 417 1695 sinu
432 1634 588 1713 gaudeant,
604 1634 733 1712 gloriose
748 1634 831 1712 loqui
845 1634 992 1695 desinant.

103 1698 142 1754 2¹⁹¹
245 1719 474 1799 Cyrenaicorum
496 1730 588 1780 restat
602 1719 764 1792 sententia,
785 1718 912 1798 quitum
928 1720 1152 1799 aegritudinem
1166 1740 1223 1783 cen·

105 1781 134 1831 ⁶²
155 1816 223 1867 sent
238 1805 392 1877 exsistere,
415 1805 439 1864 si
457 1805 634 1884 necopinato
657 1805 728 1883 quid
752 1804 892 1865 evenerit.
921 1802 975 1866 Est
990 1805 1019 1865 id
1037 1808 1161 1885 quidem
1174 1824 1224 1867 rna·

155 1909 257 1968 gnum,
272 1899 306 1950 ut
321 1908 412 1968 supra
428 1889 496 1963 dixi,
513 1890 599 1951 etiam
611 1889 774 1970 Chrysippo
790 1889 829 1950 ita
843 1888 935 1949 rideri
950 1890 1023 1965 scio,
1041 1893 1126 1971 qued
1140 1891 1224 1973 prori-

154 1995 220 2037 sum
240 1986 309 2035 ante
325 1994 386 2034 non
403 1974 456 2047 sit,
478 1974 508 2034 id
529 1975 617 2035 l'erire
639 1974 861 2049 vehementius;
882 1974 934 2035 sed
954 1994 1019 2036 non
1037 1990 1114 2040 sunt
1137 1980 1166 2040 in
1181 1978 1251 2041 nu!

152 2089 285 2141 iracunde
306 2090 323 2156 ξ
341 2092 383 2142 51.
415 2087 472 2153 Vgl.
486 2087 590 2142 Tacitus
607 2106 666 2146 anu.
717 2089 818 2141 malum
831 2090 1062 2152 doloradofiniat.
1092 2094 1120 2147 ln
1133 2096 1226 2148 solchen

153 2158 170 2209 1.
187 2161 216 2209 1:
234 2159 293 2207 sine
309 2162 353 2207 ira
372 2162 398 2206 et
414 2159 512 2207 studio.
718 2157 806 2209 Pallen
824 2158 891 2209 kann
905 2165 1071 2223 praua-tim
1090 2180 1153 2214 uam
1168 2172 1227 2227 (eun

191 2229 214 2278 1.
232 2225 283 2289 Ita,
302 2225 389 2287 uado,
407 2224 463 2276 scil.
476 2226 602 2288 studione,
620 2227 667 2277 mit
716 2229 814 2292 praes.)
835 2226 915 2279 durch
934 2218 1087 2294 ‘obgleicb'
1107 2233 1227 2285 liberetur

154 2293 294 2345 ironiscber
304 2292 550 2360 Geringschitzung:
565 2294 599 2346 So
610 2311 666 2346 rer·
719 2295 831 2348 werden.

154 2361 223 2413 labrt
240 2376 298 2412 man
316 2361 381 2414 decb
395 2362 464 2412 wohl
477 2379 531 2425 nur,
550 2378 625 2413 wenn
638 2378 666 2414 es
754 2364 777 2414 9.
799 2379 854 2414 non
876 2378 956 2427 rane,
978 2365 1030 2416 wie
1053 2369 1095 2433 10,
1114 2370 1163 2431 223
1179 2372 1227 2419 ani·

154 2430 209 2482 sich
227 2446 270 2481 um
288 2430 465 2483 Ebrenstellen
483 2431 533 2482 und
553 2430 666 2482 Wixrden
717 2446 792 2481 mora
804 2423 874 2481 ‘blut
891 2428 1065 2485 erfordernd'.

153 2501 188 2551 im
201 2498 288 2551 Staate
301 2499 414 2562 handen,
426 2500 497 2551 nicht
509 2501 571 2551 aber
583 2501 666 2550 einem
753 2500 795 2550 12.
811 2514 904 2549 uerum
915 2514 962 2551 ver
972 2501 1130 2554 dicentibus
1141 2505 1176 2555 iet
1185 2500 1228 2555 hd

153 2567 665 2635 Epiknrgegendbernndincinerphilos.
714 2566 809 2630 jelxtiv.
845 2567 896 2620 Cic.
909 2566 999 2619 deutet
1017 2568 1103 2623 demit
1121 2586 1164 2637 an,
1180 2572 1227 2623 dab

153 2636 314 2688 Ilisknssion.
718 2649 745 2685 er
757 2634 845 2685 lxeiner
860 2634 993 2687 einzelnen
1006 2635 1107 2691 Sebule
1125 2640 1228 2706 augebi-

188 2706 213 2755 3.
235 2705 273 2753 Ei
295 2704 338 2754 ilii
350 2709 491 2769 pugnant,
515 2703 565 2754 wie
583 2705 665 2755 oben:
716 2718 762 2753 ren
776 2702 873 2754 wollte.

153 2771 191 2821 Et
217 2776 380 2834 quorundum
408 2770 483 2821 Sion:
511 2771 555 2823 Sie
572 2772 665 2836 gerade
754 2769 869 2821 Tantum
884 2771 934 2822 wie
950 2768 969 2824 l.
983 2772 1023 2836 13,
1037 2774 1082 2826 29.

154 2837 269 2901 streiteu,
282 2837 323 2888 die
336 2838 391 2889 sich
405 2838 468 2889 iiber
480 2839 563 2890 meine
576 2840 666 2891 Streit·
753 2842 793 2892 13.
805 2841 830 2888 ri
840 2842 1034 2890 anamne=si
1046 2843 1142 2895 modo:
1161 2857 1229 2894 vienn

154 2906 229 2956 sucht
247 2904 382 2970 beklagen.
719 2906 845 2958 wirlxlieh.

182 2977 342 3038 vicinorum,
360 2974 405 3024 der
417 2972 518 3025 irhnlich
532 2975 666 3038 gesinnten
752 2979 791 3027 15.
808 2975 1010 3039 plausibilia=
1019 2977 1153 3041 plausum
1168 2978 1230 3030 uem-

154 3040 341 3107 philosopham
358 3042 450 3103 fidem:
470 3040 574 3103 Subula,
591 3041 666 3107 Hille,
719 3045 844 3095 titudinis
861 3045 994 3095 habentia.

188 3113 212 3163 5.
231 3115 320 3161 aetum
338 3112 491 3161 habitururn
505 3101 603 3160 ‘indem
625 3111 665 3163 icb
759 3112 799 3163 16.
817 3115 847 3161 in
864 3113 927 3161 sinu
947 3113 1093 3176 gaudeant
1108 3108 1175 3167 ‘sieb
1199 3116 1229 3167 in
1263 3119 1265 3169 ἶ

153 3178 199 3231 das
209 3179 247 3229 als
257 3178 527 3244 abgemacbtansehen
537 3178 588 3228 und
599 3178 666 3231 mich
717 3170 923 3232 stillenlreuen‘.
946 3178 1049 3232 Ebenso
1063 3181 1229 3250 Proprias,
1263 3174 1265 3235 ζ

153 3247 262 3298 darriber
279 3247 472 3312 hinwegsetzen
490 3239 596 3296 werde'.
717 3250 762 3299 30:
780 3248 812 3298 In
824 3250 907 3299 tacito
919 3250 1012 3299 cobibe
1020 3252 1130 3313 gaudia
1142 3254 1230 3303 etam

188 3317 211 3368 6.
231 3315 302 3378 Quid
319 3320 397 3379 enirn,
415 3330 436 3365 s.
452 3330 475 3367 z.
493 3312 534 3365 lV.
553 3317 577 3377 4,
591 3317 614 3366 8.
715 3318 787 3366 sinu.
822 3313 1003 3382 Ureprringlieh
1025 3318 1062 3369 ist
1091 3319 1139 3371 der
1160 3324 1230 3371 sinu

188 3388 211 3436 7.
230 3384 261 3434 1..
275 3384 414 3435 Cornelius
425 3382 554 3433 Lentulus
565 3382 666 3449 Lupus,
719 3390 796 3448 togae
826 3384 951 3449 gement,
976 3385 1003 3434 in
1029 3386 1163 3440 welcbem
1191 3388 1230 3440 der

155 3455 203 3506 156
222 3451 329 3514 Konsnl,
349 3467 403 3502 war
421 3450 475 3502 also
493 3466 598 3517 gegen
616 3451 665 3502 den
718 3451 811 3503 Rdmer
827 3450 906 3503 Mund
926 3451 979 3504 und
996 3452 1072 3505 Hand
1090 3456 1229 3523 rerbergen

154 3521 178 3571 3.
197 3521 338 3587 punischen
357 3519 441 3585 llrieg.
717 3519 824 3571 honnte.

183 3591 206 3641 8.
218 3589 356 3653 iracunde,
368 3588 420 3652 vul.
431 3586 472 3637 lV.
480 3587 521 3650 23,
529 3590 574 3648 51;
587 3603 666 3651 prae-
754 3590 793 3639 17.
809 3588 1027 3653 Cyrenaicorum,
1038 3603 1060 3639 s.
1074 3589 1105 3642 ll.
1119 3594 1144 3656 6,
1159 3595 1191 3644 15
1202 3608 1229 3643 zu

153 3659 245 3707 sertim
269 3673 329 3706 eum
346 3685 379 3694 —
394 3650 460 3707 ‘was
482 3670 525 3705 um
546 3671 576 3706 so
594 3657 666 3706 mehr
716 3657 878 3721 Aristippus,
896 3655 948 3707 und
965 3654 1003 3711 lll.
1023 3659 1055 3709 13
1078 3660 1123 3712 28.

153 3724 362 3790 bervorgeboben
382 3724 485 3776 werden
503 3724 579 3783 mnis,
598 3724 621 3774 d.
641 3725 664 3775 b.
752 3725 792 3776 19.
809 3724 979 3791 Chrysippus,
997 3695 1119 3786 Stoihen
1138 3744 1160 3782 s.
1173 3726 1230 3780 nul.

153 3786 538 3858 umsoanilalligerist,da-'.
562 3791 664 3843 Ebenso
716 3794 758 3856 15,
776 3795 835 3844 108.
874 3792 921 3844 Die
942 3792 1038 3845 Sebriit
1061 3794 1147 3849 bieis:
1171 3798 1231 3865 napi

154 3858 184 3912 V.
203 3862 245 3925 26,
264 3863 309 3912 73:
334 3877 394 3911 eum
410 3862 665 3927 praeeminemus
714 3859 837 3929 dyadaiu
854 3864 900 3910 uui
916 3860 1011 3912 κακῶν
1028 3858 1180 3935 εἰσαγωγὴ.
