2550 4410
431 199 527 252 usne
543 198 574 252 v,
594 201 754 267 tuor-so.
1074 199 1134 260 133

140 373 205 434 Duo
218 373 254 433 de
265 373 457 453 quadraginta
468 391 564 434 annos
575 385 720 454 tyrannus
731 373 983 453 Syracusanorum
995 374 1051 435 luit
1061 375 1131 436 Dio·
1149 372 1188 430 2⁰

56 459 168 540 nysius,
191 479 259 521 cum
281 459 414 538 quinque
438 469 467 519 et
489 459 591 538 viginti
613 468 700 520 natus
722 477 817 519 annos
839 458 1024 520 dominatum
1046 480 1136 522 occu·
1157 455 1187 506 5⁷

55 544 192 626 pavisset.
223 544 288 616 Qua
304 544 525 623 pulchritudine
541 543 664 616 urbem,
687 543 795 622 quibus
811 553 907 604 autem
928 544 1035 624 opibus
1050 565 1136 625 prae-

56 631 145 691 ditam
161 631 302 691 servitute
315 648 486 709 oppressam
502 629 598 691 tenuit
611 629 773 690 civitateml
796 629 884 708 Atqui
896 628 933 690 de
945 631 1001 690 hoc
1017 631 1136 692 homine

19 731 32 780 5
56 735 72 777 a
87 715 176 777 bonis
192 715 363 776 auctoribus
378 715 420 776 sic
437 716 582 794 scriptum
596 714 782 794 accepimus,
807 733 950 776 summam
966 715 1057 777 luisse
1073 717 1136 777 cius

56 803 87 863 in
104 801 183 862 victu
200 801 433 880 temperantiam,
450 801 480 861 in
497 800 647 879 rebusque
663 800 805 879 gerundis
819 800 914 860 virum
930 819 1028 862 aorem
1045 810 1074 862 et
1090 801 1137 862 in·

56 887 215 960 dustrium,
231 886 359 946 eundem
375 896 473 946 tamen
490 885 655 946 maleficum
671 895 777 947 natura
790 894 818 945 et
833 885 986 946 iniustum.
1017 886 1061 946 Ex
1077 906 1137 966 quo

58 972 199 1033 omnibus
214 970 291 1032 bene
311 971 462 1032 veritatem
484 970 670 1033 intuentibus
691 971 782 1031 videri
805 989 925 1032 necesse
948 980 993 1032 est
1006 971 1137 1032 miserri-

58 1076 155 1133 mum;
170 1076 203 1117 ea
216 1057 295 1118 eninr
307 1056 380 1136 ipsa,
393 1075 468 1135 quae
480 1056 682 1135 concupierat,
696 1076 733 1117 ne
746 1065 809 1116 tum
821 1056 949 1135 quidem,
962 1057 1137 1118 cumomnia

10 1157 33 1206 tu
58 1162 90 1204 se
106 1162 194 1222 posse
209 1142 364 1215 censebat,
387 1141 635 1221 consequebatur.
679 1141 737 1213 Qui
753 1160 821 1202 oum
836 1151 912 1202 esset
927 1141 1014 1204 bonis
1029 1161 1137 1222 paren·
1158 1151 1187 1202 aa

58 1227 139 1289 tibus
154 1238 242 1306 atque
258 1227 385 1288 honesto
408 1227 473 1288 loco
497 1236 597 1297 natus,
622 1226 676 1287 etsi
699 1226 728 1287 id
745 1226 862 1305 quidem
878 1226 952 1288 alius
973 1227 1029 1288 alio
1050 1228 1138 1289 modo

59 1313 194 1389 tradidit,
216 1312 485 1392 abundaretqueet
502 1312 669 1391 aequalium
691 1311 936 1374 familiaritatibus
958 1322 988 1373 et
1012 1332 1138 1375 consuc-

59 1399 163 1460 tudine
186 1398 441 1477 propinquorum,
470 1397 594 1458 haberet
615 1397 702 1458 etiam
725 1415 808 1457 more
831 1397 970 1458 Graeciae
997 1399 1139 1477 quosdam

59 1483 256 1544 adulescentis
274 1502 373 1544 amore
390 1483 580 1557 coniunctos,
603 1481 742 1543 credebat
757 1500 860 1542 eorum
876 1483 1003 1558 nemini,
1027 1484 1078 1545 sed
1093 1484 1139 1558 iis,

10 1583 35 1632 15
61 1588 137 1647 quos
160 1588 195 1629 ex
217 1569 332 1630 familiis
360 1568 553 1649 locupletium
575 1586 674 1629 servos
697 1566 860 1645 delegerat,
891 1567 999 1645 quibus
1028 1588 1138 1630 nomen

60 1654 209 1715 servitutis
224 1654 287 1733 ipsc
300 1654 473 1728 detraxerat,
490 1663 519 1714 ct
530 1653 704 1732 quibusdam
720 1652 862 1713 convenis
878 1662 907 1713 et
922 1653 992 1714 feris
1008 1652 1139 1715 barbaris

61 1740 196 1818 corporis
212 1739 374 1800 custodiam
387 1739 597 1800 committebat.
624 1737 667 1798 lta
681 1747 805 1817 propter
819 1737 957 1799 iniustam
971 1738 1139 1800 dominatus

41 1852 44 1857 ·
62 1824 252 1904 cupiditatem
267 1825 298 1884 in
315 1843 466 1886 carcerem
481 1825 608 1903 quodam
624 1824 711 1884 modo
733 1824 797 1902 ipse
812 1842 844 1884 se
859 1823 1028 1884 incluserat.
1059 1823 1139 1895 Quin

62 1910 151 1970 etiam
166 1928 205 1970 ne
220 1911 334 1971 tonsori
353 1910 460 1970 collum
477 1909 689 1982 committeret,
712 1907 836 1969 tondere
858 1908 932 1968 libas
946 1926 1014 1969 suas
1029 1909 1139 1970 docuit.

10 2009 39 2059 20
63 1995 106 2056 lta
121 1995 240 2056 sordido
258 1995 449 2073 ancillarique
464 1995 588 2056 artificio
610 1993 710 2074 regiae
724 1993 868 2073 virgines,
890 2002 924 2054 ut
937 1993 1139 2067 tonstriculae,

62 2080 228 2141 tondebant
249 2080 371 2141 barbam
394 2090 424 2140 et
445 2081 582 2160 capillum
606 2080 706 2159 patris.
750 2078 789 2139 Et
809 2089 907 2139 tamen
931 2078 968 2138 ab
991 2079 1037 2140 bis
1058 2079 1139 2158 ipsis,

63 2185 131 2227 cum
146 2166 203 2225 iam
219 2176 319 2226 essent
333 2166 465 2239 adultae,
486 2166 598 2227 serrum
619 2164 743 2225 removit
759 2165 943 2243 instituitque
960 2173 994 2225 ut
1009 2166 1139 2226 canden-

63 2251 142 2311 tibus
158 2250 339 2329 iuglandium
352 2251 555 2330 putaminibus
567 2250 688 2311 barbam
704 2249 760 2311 sibi
776 2258 806 2311 et
818 2249 955 2330 capillum
971 2251 1139 2311 adurerent.

64 2336 198 2414 Cumque
213 2337 286 2396 duas
305 2354 414 2398 uxores
428 2336 564 2408 baberet,
579 2335 819 2436 Aristomachen,
835 2336 926 2395 civem
943 2354 1040 2408 suam,
1056 2335 1142 2396 Dori·
1162 2341 1192 2392 19

100 2458 122 2505 1.
149 2453 312 2520 Dionysius,
337 2452 382 2504 der
407 2439 508 2518 slltere,
525 2468 578 2503 von
625 2468 678 2517 pro
691 2467 732 2501 me
744 2454 922 2502 maioresmei
933 2452 1142 2517 spoponderunt,

63 2523 199 2574 tua-367
218 2536 243 2572 ν.
262 2521 319 2572 Chr.
630 2520 696 2569 miti
718 2519 849 2570 creditum
868 2524 920 2580 εει,
939 2518 972 2570 ad
988 2519 1041 2571 Au.
1060 2518 1101 2570 Ν.
1116 2521 1139 2584 3,

99 2592 123 2644 3.
148 2592 244 2654 quibus
262 2593 353 2639 autem
372 2588 457 2653 (auch)
476 2590 577 2655 opibus,
630 2590 659 2639 5:
678 2603 825 2652 numquam
838 2590 908 2637 enim
926 2590 1082 2652 cuiusquam
1100 2591 1142 2638 in·

64 2675 84 2711 S.
103 2673 135 2708 zu
152 2655 194 2709 lV.
214 2660 237 2722 2,
250 2660 274 2708 5.
628 2655 687 2705 vidi
709 2661 736 2705 et
754 2655 856 2720 perfidi
879 2657 989 2707 cotentio
1017 2659 1057 2706 est
1078 2671 1142 2706 usus

98 2729 123 2778 4.
146 2726 178 2775 de
195 2728 245 2776 doc
261 2727 366 2776 bomine
381 2753 413 2762 -
429 2726 578 2790 accepimus
628 2739 677 2773 nec
701 2725 785 2772 inerti
807 2724 893 2775 nobili
916 2724 1080 2785 crediturum
1109 2723 1140 2776 ad

63 2797 175 2858 —eiecq
194 2809 213 2845 s.
231 2792 272 2845 tv.
294 2795 334 2855 22,
351 2795 383 2844 to
401 2808 433 2843 zu
451 2793 484 2842 de
500 2791 577 2853 Afri·
629 2791 689 2843 lam.
707 2789 725 2842 l.
744 2794 768 2855 t,
787 2794 810 2845 9.

65 2877 140 2913 cuno.
160 2890 192 2898 -
214 2861 276 2912 Zum
295 2861 377 2912 lnbalt
395 2861 447 2927 vgl.
465 2858 530 2926 Nep.
548 2860 581 2912 de
668 2861 707 2911 15.
721 2876 755 2910 σω
767 2853 945 2919 familiis‘aus
958 2859 1007 2911 den
1020 2857 1142 2911 Gesinde·

64 2930 144 2996 regib.
164 2931 187 2981 2.
632 2918 746 2979 stuben’.

101 3003 124 3051 5.
143 2999 302 3062 accepimus,
320 3013 341 3049 s.
360 2994 450 3049 zuslV.
471 3000 493 3062 1,
508 2998 532 3048 3.
666 3011 763 3046 nomen
787 2996 951 3047 detraxerat.
988 2995 1020 3047 Er
1047 3000 1142 3047 neunte

101 3068 124 3118 8.
154 3069 295 3116 veritatem
316 3059 379 3116 ‘das
410 3064 496 3116 wahre
521 3063 582 3115 Ver·
633 3064 671 3116 sie
689 3064 764 3128 (nach
778 3063 851 3116 Diod.
864 3063 905 3117 Vl.
925 3066 966 3129 14)
984 3063 1142 3128 Neubdrger,

64 3128 182 3196 baltnis'3
201 3132 254 3198 vgl.
272 3149 298 3199 p.
314 3132 378 3184 Mur.
399 3135 438 3196 29,
457 3135 502 3186 60:
521 3133 582 3183 doc·
633 3129 797 3184 νεοπολῖται.

67 3205 141 3253 trina
151 3201 274 3268 —paulo
294 3203 417 3267 asperior
434 3206 460 3252 et
473 3201 582 3264 aanor,
671 3205 710 3253 11.
729 3205 851 3266 corporis
868 3193 961 3251 ‘seiner
978 3189 1092 3249 Person'.

66 3286 148 3336 quom
160 3274 209 3320 out
220 3272 320 3321 ceritm
337 3274 386 3320 aut
397 3275 499 3320 nutura
508 3271 581 3336 pati-
669 3272 709 3321 20.
732 3273 764 3319 ut
781 3268 963 3319 tonstriculae.
1000 3265 1142 3317 Weibliclre

66 3345 120 3389 tur.
631 3334 752 3388 Berbiere
774 3335 896 3388 kommen
917 3334 983 3386 auch
1002 3340 1074 3385 snust
1092 3333 1142 3384 bis·

102 3410 142 3459 11.
153 3406 223 3456 alius
234 3407 289 3456 alio
302 3405 388 3456 modo.
415 3402 580 3455 NachHella·
630 3404 725 3456 weilen
745 3419 805 3468 vor,
827 3419 849 3457 z.
868 3401 896 3456 B.
918 3401 1002 3454 Plaut.
1021 3400 1095 3453 Truc.
1114 3400 1142 3453 ll.

65 3474 123 3526 dius
142 3474 183 3525 bei
202 3472 310 3525 Photius
333 3473 383 3524 soll
401 3487 428 3524 er
446 3472 490 3524 der
508 3471 579 3524 Sobn
631 3474 656 3536 4,
675 3475 716 3525 51.

66 3544 138 3595 eines
155 3542 332 3605 Eseltreibem,
352 3540 416 3592 nach
435 3539 507 3592 Diod.
527 3539 578 3592 Sic.
666 3541 707 3590 22.
731 3542 764 3589 ut
786 3567 819 3576 -
837 3538 990 3589 adurerent.
1025 3535 1143 3588 Dieselbe

67 3627 94 3663 er
117 3610 199 3662 selbst
217 3609 352 3662 Schreiber
374 3623 496 3675 gewesen
514 3608 578 3660 sein.
631 3605 782 3658 Nachricht:
810 3605 841 3658 de
867 3605 909 3657 off.
927 3605 955 3656 ll.
975 3608 998 3668 1,
1017 3607 1061 3665 25;
1088 3603 1143 3656 Vel.

103 3681 142 3731 14.
162 3679 287 3729 credebat
303 3677 370 3728 ohne
390 3675 485 3741 objelu
503 3702 537 3722 ==
548 3676 580 3739 fi·
631 3674 698 3727 Max.
710 3675 752 3726 lll.
768 3677 790 3738 1,
803 3678 853 3725 ext.
868 3676 891 3737 3,
909 3673 962 3724 und
978 3671 1144 3726 auderwdrts.

66 3748 125 3798 dem
145 3748 266 3811 latebat,
285 3746 336 3797 wie
354 3743 419 3796 auch
438 3751 511 3796 soust
528 3745 581 3795 bis·
666 3746 707 3796 24.
736 3743 804 3794 duas
830 3758 946 3805 umores,
975 3740 1086 3792 nbmlich
1113 3757 1146 3792 zu

65 3815 160 3866 wellen
187 3813 312 3876 beldin,
337 3813 388 3879 vgl.
407 3812 439 3864 de
457 3812 507 3878 leg.
527 3827 579 3878 ngr.
632 3811 744 3877 gleicber
768 3810 830 3862 Zeit.
866 3810 901 3860 lm
927 3825 1024 3875 ganzen
1049 3809 1093 3861 hat
1117 3823 1145 3860 er

67 3883 93 3935 ll.
113 3886 155 3948 36,
175 3885 236 3936 100:
262 3883 333 3934 artelli
345 3882 449 3948 populo
467 3896 579 3932 romano
632 3881 708 3946 (nach
720 3877 784 3944 Nep.
798 3878 829 3930 de
842 3893 895 3945 reg.
907 3880 930 3943 2,
940 3880 966 3944 3)
978 3877 1032 3930 drei
1044 3877 1144 3929 l'rauen
