2550 4410
382 185 477 238 urana
495 185 526 240 v.
545 187 637 252 auco.
656 189 748 249 nano
1076 183 1136 243 139

58 359 157 421 omnis
173 377 240 420 cum
257 358 403 420 subtilitas
421 359 583 420 disserendi
597 367 662 420 tum
676 358 783 420 veritas
801 358 958 420 iudicandi.
990 359 1057 431 Quo
1072 368 1138 419 tan·
1160 369 1189 420 69

59 445 126 506 dem
143 445 234 524 igitur
255 444 362 524 gaudio
383 444 468 504 adlici
484 463 606 506 neccsse
627 453 670 505 est
691 444 833 524 sapientis
856 444 986 505 animum
1002 463 1070 505 cum
1092 445 1138 506 his

55 530 239 592 habitantem
260 538 548 610 pernoctantemque
564 529 657 603 curis,
678 537 711 590 ut
727 548 796 590 cum
810 530 900 590 totius
921 528 1024 591 mundi
1040 538 1138 591 motus

57 616 329 693 conversionesque
341 616 526 694 perspexerit
533 615 689 694 sideraque
701 613 806 675 viderit
817 614 1044 676 innumerabilia
1057 615 1137 676 caolo

22 711 36 760 t
56 701 244 763 inhaerentia
265 719 333 760 cum
356 700 419 761 eius
441 700 534 779 ipsius
554 709 636 762 motu
656 718 824 779 congruere
845 699 933 761 certis
954 700 1043 760 infixa
1059 700 1136 761 sedi-

56 787 132 860 bus,
154 795 268 866 septem
284 785 338 846 alia
361 805 431 846 suos
453 804 588 864 quaeque
610 793 712 846 tenere
733 803 837 846 cursus
857 784 984 846 multum
1005 786 1083 846 inter
1104 804 1136 846 se

56 880 109 933 aut
131 871 287 933 altitudine
302 879 353 931 aut
372 870 536 931 humilitate
559 871 711 943 distantia,
735 888 862 950 quorum
882 870 947 950 vagi
962 879 1060 932 motus
1075 879 1137 930 rata

57 965 158 1018 tamen
183 964 212 1018 ot
238 966 319 1017 certa
341 956 387 1017 sui
411 973 515 1017 cursus
539 955 631 1035 spatia
650 956 801 1017 definiant.
852 955 966 1017 Horum
996 956 1137 1016 nimirum

59 1051 197 1123 aspectus
218 1041 335 1123 impulit
354 1041 418 1103 illos
440 1050 555 1103 veteres
571 1049 600 1102 et
626 1041 780 1102 admonuit
801 1050 835 1102 ut
848 1041 934 1120 plura
949 1049 1136 1120 quaererent.

10 1135 36 1187 to
58 1128 132 1189 lnde
148 1138 193 1189 est
212 1127 360 1206 indagatio
382 1135 450 1188 nata
471 1126 624 1187 initiorum
647 1134 676 1186 et
698 1135 848 1205 tamquam
870 1127 1034 1201 seminum,
1056 1126 1137 1187 unde

58 1221 161 1275 essent
175 1212 273 1274 omnia
289 1221 363 1286 orta,
379 1220 529 1292 generata,
546 1225 695 1285 concreta,
712 1230 847 1291 quaeque
859 1212 1003 1292 cuiusque
1018 1211 1137 1291 generis

57 1298 104 1359 vel
119 1298 243 1359 inanimi
257 1298 303 1358 vel
318 1297 476 1358 animantis
491 1297 538 1358 vel
552 1297 625 1357 muti
637 1297 683 1356 vel
696 1297 845 1375 loquentis
861 1297 960 1375 origo,
980 1315 1055 1376 quae
1070 1296 1137 1371 vita,
1201 1354 1206 1362 .

58 1384 110 1463 qui
125 1383 264 1445 interitus
280 1401 414 1463 quaeque
435 1402 470 1443 ex
492 1381 548 1443 alio
570 1382 602 1443 in
618 1381 694 1442 aliud
710 1381 880 1443 vicissitudo
901 1390 989 1462 atque
1004 1383 1137 1455 mutatio,

57 1470 139 1531 unde
155 1477 233 1529 terra
250 1477 279 1529 et
293 1468 401 1547 quibus
420 1467 526 1528 librata
547 1467 745 1548 ponderibus,
769 1466 877 1546 quibus
898 1468 1031 1529 cavernis
1046 1468 1138 1528 maria

10 1561 33 1612 15
56 1555 277 1628 sustineantur,
300 1572 357 1633 qua
373 1554 472 1614 omnia
492 1552 586 1614 delata
606 1553 745 1631 gravitate
767 1552 896 1612 medium
911 1552 1015 1613 mundi
1037 1553 1137 1614 locum

56 1657 177 1720 semper
191 1647 339 1719 expetant,
355 1639 405 1717 qui
422 1648 466 1700 est
480 1639 559 1700 idern
573 1638 694 1699 infimus
708 1638 738 1698 in
755 1637 894 1698 rotundo.

144 1725 223 1786 llaoc
239 1726 377 1785 tractanti
393 1725 492 1785 animo
508 1733 538 1785 et
552 1723 649 1785 noctis
671 1731 700 1784 et
715 1723 776 1783 dies
798 1722 940 1801 cogitanti
958 1722 1071 1783 exsistit
1085 1722 1133 1783 illa
1150 1703 1188 1759 25

56 1830 73 1872 a
98 1812 152 1872 deo
175 1810 296 1891 Delphis
322 1818 479 1889 praecepta
501 1809 646 1887 cognitio,
674 1816 707 1869 ut
726 1807 790 1887 ipsa
817 1826 848 1868 se
868 1826 954 1870 mens
976 1807 1139 1886 adgnoscat
1159 1785 1188 1835 ⁷⁰

57 1895 309 1974 coniunctamque
332 1914 399 1955 cum
416 1895 513 1956 divina
533 1901 633 1956 mente
655 1913 686 1955 se
701 1892 824 1967 sentiat,
846 1912 882 1953 ex
903 1911 962 1972 quo
978 1892 1137 1954 insatiabili

93 2032 116 2086 3.
135 2032 307 2094 habitantem,
328 2031 378 2082 wie
395 2029 434 2081 lll.
454 2032 494 2094 34,
513 2032 554 2082 83.
659 2029 698 2079 13.
726 2027 879 2092 vicissitudo
905 2031 985 2092 atquc
1007 2029 1136 2078 mutatio:

93 2101 180 2162 carris,
204 2098 255 2149 wie
278 2096 324 2149 das
346 2099 440 2164 griech.
464 2094 572 2162 μελέτη,
623 2095 842 2160 wechselseitiger
860 2093 1005 2162 Ubergaug.

56 2167 130 2219 nicht
141 2166 223 2218 selten
235 2181 288 2220 von
301 2166 498 2218 wissenscbaltl.
512 2166 572 2218 For·
660 2166 700 2216 14.
724 2167 820 2230 quibus
846 2164 944 2214 librata
961 2163 1134 2229 ponderibus.

55 2235 198 2300 seuungen.
222 2232 270 2285 hlit
281 2233 365 2286 lnbalt
377 2234 427 2285 und
437 2233 572 2286 Ausdruck
623 2231 682 2299 Vgl.
697 2232 770 2285 Ovid.
783 2230 845 2284 Met.
857 2232 875 2283 l.
898 2234 942 2286 13:
965 2232 1053 2284 Tellus
1067 2248 1135 2300 pon·

56 2304 143 2356 dieses
156 2301 246 2355 Satzes
258 2302 309 2368 vgl.
320 2317 345 2368 p.
359 2302 435 2354 Arch.
448 2306 472 2366 l,
485 2305 526 2355 16.
539 2331 572 2340 -
624 2301 732 2352 deciduo
750 2302 849 2352 librato
866 2304 931 2352 suis.

55 2371 92 2423 lm
110 2370 248 2437 folgenden
266 2372 301 2422 ist
318 2370 440 2422 zunhcbst
459 2385 510 2421 von
523 2370 573 2422 den
660 2372 700 2422 15.
713 2360 1135 2433 mstimantur‘zurhclrgebalteu

56 2440 190 2493 Genussen
203 2438 335 2502 dieRede,
355 2438 453 2490 welche
471 2436 572 2490 dieBe·
623 2429 746 2488 werden’.
780 2434 840 2488 hlan
864 2436 986 2501 berchte,
1009 2435 1065 2488 dass
1089 2436 1135 2488 dns

55 2508 222 2574 schhltigung
239 2507 285 2558 mit
303 2506 348 2558 der
360 2506 459 2574 Physilr
472 2506 573 2571 (Natur-
623 2502 736 2571 Tempus
753 2504 798 2556 des
810 2503 984 2568 Konjunktivs
1001 2519 1061 2555 vom
1075 2503 1136 2554 Prt-

55 2576 231 2644 philosopbie)
250 2575 374 2641 gewdhrt.
623 2573 727 2624 teritum
736 2587 795 2623 zum
805 2572 914 2624 Priscus
923 2571 1056 2637 hbergeht.
1076 2570 1134 2636 Vgl.

90 2637 273 2695 utcom‘zum
283 2640 501 2710 Beispielwenn‘3
511 2658 573 2708 pcr-
621 2641 660 2692 lll.
681 2644 720 2703 19,
741 2643 785 2693 43:
809 2643 962 2706 cogitarant
979 2669 1013 2678 -
1037 2655 1135 2690 corcon-

54 2716 176 2779 rpescerit
193 2711 245 2764 und
264 2712 364 2763 uiderat
383 2711 440 2762 sind
457 2711 513 2763 rut.
532 2726 572 2762 ex.
623 2710 720 2761 doerit.

55 2782 104 2833 mit
127 2779 276 2846 Beziebung
299 2780 344 2831 auf
365 2778 448 2840 adfici
468 2796 572 2830 neccaro
658 2793 711 2843 qua
726 2779 865 2842 gravitate
883 2776 963 2842 hangt
980 2792 1032 2827 von
1045 2776 1134 2827 dolata

57 2854 105 2912 ost,
122 2849 205 2900 worin
221 2848 262 2900 die
275 2847 503 2914 Futurbedeutung
514 2847 572 2912 (od-
621 2846 746 2909 (abwarts
764 2846 889 2911 gezogen)
907 2845 948 2896 ab.
977 2844 1039 2897 Zum
1051 2843 1135 2896 lnbalt

55 2918 174 2982 fictotur)
193 2916 264 2982 liegt.
622 2914 676 2980 vgl.
693 2913 710 2965 l.
726 2917 765 2978 11,
778 2918 819 2967 to.

91 2990 180 3037 motos
198 2987 440 3050 conversionesque.
476 2982 535 3050 Vgl.
553 2982 571 3035 l.
660 2984 698 3034 16.
716 2983 843 3045 rotundo,
862 2981 1055 3034 substantiviert
1071 2981 1134 3046 (vgl.

56 3057 99 3118 28,
118 3056 159 3107 68.
625 3054 669 3115 15,
682 3053 727 3103 45:
752 3053 866 3116 beatum)
884 3051 934 3102 wie
953 3053 999 3115 35,
1019 3051 1079 3100 102:
1104 3051 1134 3098 tn

99 3127 122 3175 5.
155 3137 214 3172 cum
232 3149 265 3159 -
284 3136 433 3186 congruere
450 3112 572 3172 ‘teilneh-
618 3120 741 3185 palliam
759 3119 787 3172 ll.
807 3121 830 3183 2,
846 3123 877 3171 5:
895 3122 928 3170 ab
947 3119 1055 3176 bumili3
1079 3115 1133 3166 dies

56 3205 116 3243 rnen
135 3183 190 3249 an';
209 3204 229 3241 s.
248 3205 279 3240 zu
300 3188 328 3240 V.
350 3194 371 3253 1,
394 3192 417 3242 3.
622 3188 756 3250 geschiebt
779 3187 935 3239 namentlich
959 3186 1006 3237 mit
1029 3184 1134 3236 lokalen

95 3260 118 3311 6.
130 3263 228 3323 septem
240 3259 305 3322 otia,
318 3257 359 3309 die
372 3257 430 3308 ldnf
447 3256 570 3308 Planeteu
621 3254 843 3321 Bezeichnungen.

56 3330 88 3393 (s.
99 3327 116 3378 l.
128 3329 168 3389 25,
182 3328 223 3390 63)
237 3325 407 3377 nebstSonne
420 3324 472 3377 und
485 3323 570 3376 blond.
658 3328 697 3378 17.
721 3323 755 3374 Es
772 3323 876 3374 werden
896 3337 948 3374 nun
970 3322 986 3386 ξ
1006 3324 1038 3373 to
1056 3336 1082 3372 u.
1101 3324 1130 3373 rt

93 3399 116 3447 1.
139 3399 202 3446 rata
220 3396 338 3460 (spotia),
363 3393 499 3459 eigentlicb
514 3385 571 3444 ‘be-
622 3391 664 3443 die
683 3390 811 3454 Frenden,
829 3390 929 3442 welche
947 3389 994 3440 das
1013 3388 1133 3441 Studium

56 3458 181 3528 recbuet’,
199 3453 351 3513 daher‘lest
362 3456 509 3513 bestimmt'.
534 3460 569 3512 So
622 3460 666 3511 der
682 3459 929 3525 hloralphilosophie
947 3457 1071 3524 gewahrt,
1090 3472 1134 3508 an-

57 3533 90 3584 de
108 3532 177 3585 deor.
196 3546 220 3582 n.
235 3530 263 3582 ll.
283 3532 324 3595 20,
343 3533 387 3582 51:
402 3530 570 3592 33313313ιεὶ-
622 3526 751 3594 gedentet.

58 3600 157 3664 domm)
170 3604 321 3651 constantes
333 3604 358 3648 ct
375 3600 439 3663 ruti,
457 3614 482 3649 u.
496 3597 569 3649 diter.
657 3595 693 3647 Zu
706 3595 755 3645 illo
768 3625 796 3632 -
809 3597 938 3660 cognitio,
950 3608 1045 3646 wovon
1057 3599 1090 3644 rat
1100 3621 1133 3631 —-

93 3673 116 3722 8.
135 3670 224 3734 spotia
242 3667 386 3729 definiant:
404 3666 445 3718 die
464 3664 570 3717 Bahnen
622 3665 723 3715 sentiat
740 3662 861 3729 abhangt,
879 3662 929 3728 vgl.
948 3661 966 3713 l.
986 3663 1028 3725 22,
1040 3665 1081 3714 52.

57 3752 142 3805 genau
161 3734 302 3800 verlolgen.
658 3734 697 3785 18.
716 3734 776 3797 ipra
793 3748 828 3797 so,
846 3746 866 3783 s.
886 3746 917 3781 zu
935 3729 964 3784 ll.
977 3733 1001 3794 4,
1015 3733 1059 3784 11:
1078 3733 1134 3796 ipsc

94 3810 133 3859 to.
145 3807 297 3867 intricarem,
307 3802 425 3856 desselbe
437 3801 485 3852 wie
497 3801 516 3866 l,
530 3804 570 3865 to,
621 3803 680 3852 cibi.

58 3877 104 3928 22:
121 3875 328 3942 principiorum.
657 3869 813 3934 adgnoscat,
831 3882 852 3920 s.
871 3882 902 3918 zu
919 3866 937 3918 l.
956 3868 1033 3930 8,15.
