2542 4394
451 213 545 267 LIBER
561 214 579 267 l.
599 217 640 278 27,
658 217 699 268 66.
717 218 760 270 dl.
1099 216 1139 274 69

66 403 159 459 nrum,
181 384 254 445 haec
276 394 306 446 ct
324 385 448 448 deorum
469 394 515 447 est
537 394 566 445 et
580 385 757 445 animorum.
793 385 879 447 llanc
894 405 950 449 nos
963 388 1140 451 sententiam
1219 395 1221 400 ’

66 468 163 530 secuti
179 468 225 530 his
239 470 311 549 ipsis
326 471 424 533 verbis
438 471 469 532 in
486 470 694 532 Consolatione
710 472 922 551 expressimus:

32 622 34 626 7
151 548 341 616 ‘Animorum
357 557 437 618 nulla
452 556 482 616 in
499 556 586 617 terris
602 556 685 633 origo
701 556 826 617 inveniri
842 565 954 636 potest3
971 557 1045 618 nihil
1060 559 1140 621 enirn
1156 565 1192 630 22

68 646 113 700 est
128 639 159 699 in
175 639 282 702 animis
297 642 418 702 mixtum
434 648 523 720 atque
538 648 712 702 concretum
732 651 783 702 aut
797 641 877 719 quod
894 661 929 702 er
944 651 1023 702 terra
1038 652 1141 706 natum
1162 658 1192 706 ot

29 733 154 803 tatque
175 725 277 786 lictum
300 745 364 788 esse
386 727 530 801 videatur,
557 726 630 786 nihil
655 745 692 786 ne
715 736 765 786 aut
786 726 919 788 umidum
945 728 1064 806 quidem
1090 739 1141 790 aut

28 838 37 849 ³
65 809 164 870 flebile
186 818 237 870 aut
257 811 387 890 igneum.
428 811 480 873 llis
502 811 632 872 enimin
656 812 770 872 naturis
789 811 863 872 nihil
884 812 962 873 inest
981 814 1060 891 quod
1082 815 1139 876 vim

65 895 242 971 memoriae,
255 897 387 972 ementis,
404 896 589 976 cogitationis
599 896 715 971 habeat,
731 897 810 975 quod
826 905 855 958 et
869 897 1027 976 praeterita
1043 909 1141 961 teneat

65 988 96 1040 et
110 981 210 1041 lutura
231 982 384 1060 provideat
405 992 435 1044 et
448 982 604 1062 complecti
619 982 712 1061 possit
726 983 907 1062 praesentia,
929 1001 1004 1062 quae
1018 984 1079 1046 sola
1095 985 1139 1045 di-

65 1065 134 1125 vina
145 1074 232 1141 sunt;
249 1086 305 1127 nec
319 1067 487 1129 invenietur
498 1071 639 1146 umquam
650 1067 729 1127 unde
743 1067 778 1126 ad
790 1067 942 1129 hominem
952 1069 1053 1130 venire
1068 1090 1139 1150 pos-

12 1152 45 1212 to
63 1150 126 1211 sint
151 1151 207 1212 nisi
227 1170 244 1211 a
264 1152 328 1215 deo.
369 1153 531 1232 Singularis
551 1161 596 1213 est
610 1151 701 1230 igitur
716 1153 858 1230 quaedam
874 1162 979 1214 natura
994 1163 1082 1234 atque
1097 1156 1140 1217 vis

64 1235 165 1309 animi,
181 1236 315 1298 seiuncta
329 1238 366 1298 ab
382 1238 428 1300 his
443 1237 557 1299 usitatis
572 1237 710 1314 notisque
726 1238 849 1298 naturis.
879 1238 922 1298 lta
937 1239 1078 1318 quicquid
1094 1250 1140 1302 est

64 1319 151 1394 illud,
174 1321 252 1398 quod
267 1323 373 1405 sentit,
398 1323 477 1401 quod
493 1322 583 1401 sapit,
605 1323 684 1400 quod
699 1322 782 1396 vivit,
804 1323 883 1401 quod
897 1324 990 1402 viget,
1013 1322 1138 1387 caeleste

64 1413 94 1464 et
114 1404 247 1466 divinum
262 1406 301 1467 ob
318 1426 441 1486 eamque
455 1426 519 1469 rem
529 1415 681 1468 aeternum
705 1408 742 1468 sit
766 1426 887 1469 neccsse
909 1417 962 1469 est.
992 1409 1054 1471 Nec
1068 1429 1137 1471 vero

63 1490 139 1550 deus
159 1489 238 1569 ipse,
262 1492 313 1570 qui
333 1493 515 1572 intellegitur
535 1492 667 1566 anobis,
694 1492 751 1553 alio
773 1493 862 1553 modo
884 1493 1016 1572 intellegi
1039 1503 1139 1574 potest

14 1583 43 1636 tt
64 1573 122 1635 nisi
143 1592 229 1636 mens
243 1577 338 1638 soluta
352 1578 494 1656 quaedam
511 1585 541 1637 et
555 1576 662 1652 libera,
685 1586 836 1657 segregata
853 1578 889 1638 ab
906 1579 986 1639 omni
1012 1599 1137 1641 concre-

64 1659 147 1720 tione
179 1662 312 1737 mortali,
347 1663 446 1724 omnia
477 1662 609 1725 sentiens
642 1672 671 1722 et
696 1680 818 1724 rnovens
850 1663 973 1741 ipsaque
1006 1666 1138 1744 praedita

63 1752 148 1806 motu
168 1743 368 1827 sempiterno.³
400 1748 464 1810 Hoc
486 1768 502 1809 e
517 1766 628 1826 genere
648 1756 736 1825 atque
752 1749 852 1809 eadent
868 1767 884 1808 e
900 1757 1004 1809 natura
1020 1758 1065 1812 est
1080 1752 1136 1811 hu·
1157 1762 1187 1810 61

64 1847 152 1890 mana
167 1849 261 1893 mens.
698 1908 700 1912 ⁸

150 1914 206 1976 Ubi
232 1916 321 1995 igitur
346 1926 396 1978 aut
421 1917 515 1996 qualis
537 1926 581 1978 est
602 1918 656 1978 ista
676 1915 781 1978 mens?
818 1917 874 1978 Ubi
888 1927 940 1978 tua
955 1928 1005 1978 aut
1020 1919 1136 1997 qualis?

10 2004 42 2060 to
61 2009 189 2079 potesne
205 2001 326 2063 dicere?
342 2021 389 2078 an,
405 2003 429 2063 si
445 2003 543 2063 omnia
559 2003 592 2062 ad
610 2002 840 2081 intellegendum
856 2022 917 2063 non
933 2003 1044 2079 haheo,
1061 2023 1136 2083 quac

63 2135 116 2183 ρας
130 2107 225 2180 ὁλκοῖς,
243 2133 294 2170 101
310 2118 404 2169 andern
417 2118 493 2183 (nach
505 2117 574 2170 Plut.
625 2118 675 2184 vgl.
694 2117 726 2169 de
744 2116 787 2172 fin.
809 2118 827 2172 l.
848 2120 887 2180 13,
906 2121 951 2171 44:
977 2124 1009 2170 nt
1030 2124 1136 2187 sepiens

61 2185 94 2235 de
111 2184 178 2249 plac.
197 2185 259 2251 phil.
273 2186 299 2238 ll.
313 2190 339 2250 dl
357 2179 373 2256 ἡ
392 2188 444 2242 τοῦ
462 2182 572 2251 παντὸς
623 2186 709 2268 colunt
725 2214 760 2224 -
776 2189 834 2238 aine
852 2190 1030 2268 ¹aegritudine
1048 2193 1137 2270 postet

61 2253 574 2390 gapvatlggthggoagtlng:‚ollegffigggyffigu
625 2255 1136 2388 ἓξτεῖιῖςξῖιθέἷῑι11ῗ1ξν11,118111ξο11ιίᾟὲ

60 2404 104 2439 um
118 2391 179 2453 490)
191 2391 240 2443 καὶ
248 2381 439 2462 Ἀριστοτέλης
447 2407 573 2461 συμπαρ-
625 2389 689 2440 auch
696 2389 727 2441 V.
736 2394 775 2453 15,
786 2393 819 2443 45
828 2388 982 2445 vorkomrnt.
1001 2391 1047 2444 Die
1059 2395 1136 2445 nach-

59 2453 171 2527 ἔλαβον
189 2465 251 2521 τοῖς
267 2456 403 2530 τέσσαρσι
421 2460 574 2528 στοιχείοις
625 2456 772 2509 (1110111110
794 2457 995 2524 Hervorhebuug
1018 2459 1064 2512 des
1088 2461 1135 2512 Be·

59 2517 96 2579 cd
115 2522 248 2592 πέμπτον
260 2527 313 2590 ,καὶ
326 2521 573 2600 κυκλοφορητικὸν
625 2523 695 2589 grilis
708 2539 766 2590 meg
778 2524 819 2576 die
829 2525 1135 2590 ungewohnlicheWort-

59 2594 161 2660 σῶμα,
184 2587 216 2657 ἐξ
237 2593 271 2648 οὗ
294 2592 424 2665 λέγουσιν
447 2601 518 2651 εῖναι
536 2589 571 2651 τὰ
623 2592 736 2657 stellung
760 2591 1020 2656 nnd„llonstrulrtion
1044 2611 1134 2646 veran-

60 2653 191 2780 odgoieuot.
623 2659 683 2711 laist
696 2660 786 2711 haben.
814 2660 923 2711 Ahnlich
936 2661 1006 2713 steht
1017 2661 1063 2714 das
1074 2663 1133 2729 Adj.

112 2768 118 2782 .
150 2731 191 2778 hie
207 2731 284 2794 ipsis:
303 2729 404 2795 genade,
422 2745 505 2796 genan
524 2733 572 2783 mit
623 2726 1133 2791 11111111140110001101100.

58 2796 200 2861 folgenden
221 2796 333 2848 Worten.
658 2799 696 2847 10.
714 2801 815 2848 notnre
828 2802 909 2864 otqne
920 2791 1072 2851 vte‘Wesen
1081 2800 1132 2852 und

93 2868 124 2915 in
141 2863 332 2917 Comolett‘one.
361 2864 436 2917 Diese
454 2867 570 2918 verloren
622 2856 738 2929 Begrill',
757 2864 915 2931 1112154.

56 2946 210 2998 gegangene
224 2930 325 2998 schrift,
342 2933 441 2985 welche
453 2934 503 2986 Cic.
516 2936 531 2986 1.
545 2934 568 2986 J.
658 2934 752 2987 13..οῠ
773 2949 967 2998 comanerent,
991 2951 1020 2986 so
1043 2937 1133 2987 immet

56 3003 91 3052 45
110 3001 175 3051 nach
188 2999 246 3052 dem
258 3000 330 3053 Tode
345 3002 430 3053 seiner
440 3003 569 3067 geliebten
621 3000 663 3050 bei
675 3000 771 3066 Cicero,
782 3001 854 3053 nicht
866 3018 924 3052 earn
936 3005 967 3054 ot
979 3020 1043 3067 rem,
1063 3005 1131 3056 wohl

55 3067 171 3120 Tochter
196 3068 297 3132 Tullio,
321 3069 516 3135 heuptsichlich
538 3087 569 3122 zo
621 3068 682 3119 aber
700 3085 779 3134 quem
798 3072 828 3119 ob
847 3086 911 3122 rem.

54 3137 157 3189 seinem
175 3137 282 3201 eigenen
301 3135 404 3198 Troste,
430 3139 495 3189 nach
512 3139 570 3190 dem
658 3139 697 3190 15.
715 3139 884 3188 concretione
898 3130 1095 3193 ‘Materialitit'.

55 3203 181 3257 Vorhilde
199 3204 317 3257 Crantore
334 3208 366 3268 (s.
383 3207 496 3266 46115)
514 3222 570 3258 ver·
657 3206 696 3257 19.
718 3204 765 3257 cot
777 3207 865 3271 igitur
882 3211 940 3270 cet,
957 3206 1074 3260 Einwurl
1084 3222 1130 3260 aus

54 3273 144 3334 telate,
162 3273 278 3324 erwlihnt
296 3287 322 3324 er
341 3273 405 3324 euch
417 3275 460 3338 34,
473 3277 505 3326 63
519 3275 569 3327 und
622 3271 679 3323 dem
703 3271 782 3324 Siune
804 3273 894 3339 irgend
917 3275 988 3326 eines
1009 3274 1130 3341 Gegners,

50 3339 94 3395 ΙΙΙ.
109 3341 151 3402 28,
164 3344 204 3392 to.
622 3340 723 3391 woraul
733 3341 821 3393 Cicero
840 3341 919 3394 durch
936 3343 978 3394 die
993 3343 1129 3410 folgenden

92 3411 117 3460 6.
136 3410 204 3460 ineat
221 3408 267 3459 rnit
282 3411 320 3471 tn,
337 3409 388 3460 wie
405 3410 569 3477 regelmalsig
620 3407 797 3475 Gegcnlragen
815 3413 960 3462 antwortet

52 3476 99 3530 bei
118 3475 179 3540 (lic,
197 3492 219 3530 z.
232 3474 260 3528 B.
274 3478 315 3540 37,
327 3479 369 3530 90.
655 3479 696 3528 21).
710 3482 820 3542 potesne
837 3503 870 3523 =
887 3493 952 3528 num
964 3481 1055 3542 potes,
1080 3478 1130 3530 wie

91 3547 117 3598 8.
142 3545 200 3595 soto
223 3545 316 3596 diuina
336 3535 470 3610 ‘lediglich
495 3546 568 3611 (rein)
621 3544 673 3598 Get.
691 3543 724 3598 M.
745 3548 785 3611 16,
804 3549 848 3598 56:
873 3547 1016 3596 Poteratne
1038 3549 1131 3595 tuntna

51 3604 391 3681 gottlicheThdtigkeiten'.
402 3612 430 3664 11
437 3613 481 3665 (101
487 3613 569 3681 Regel
619 3614 725 3666 animus
742 3629 797 3663 non
812 3612 918 3674 efficere
929 3613 1075 3664 iucundam
1091 3630 1130 3663 ae·

50 3680 129 3735 steht
145 3696 215 3732 zwar
232 3681 274 3732 bei
286 3680 344 3733 dern
356 3679 431 3733 Prid.
444 3680 489 3734 des
501 3683 566 3735 Adr.
619 3684 764 3731 nectutem?
782 3679 833 3732 und
851 3679 882 3732 de
901 3683 963 3732 oret.
980 3680 998 3732 l.
1014 3683 1054 3746 52,
1068 3684 1128 3735 2261

48 3749 143 3803 celum
160 3748 213 3800 und
229 3748 345 3811 (1111161.
364 3749 406 3802 bei
423 3750 481 3802 dem
495 3750 567 3816 Subj.
618 3751 740 3799 Potestne
757 3752 844 3799 virtue
859 3752 977 3799 servire?
1009 3749 1128 3817 Degegen

49 3815 189 3882 ndcrObj.
219 3815 287 3869 Aber
301 3817 350 3868 wie
361 3832 394 3868 zu
407 3817 504 3870 diesem
516 3819 568 3872 bis·
618 3839 651 3859 =
670 3816 852 3880 nonnette,
871 3820 914 3870 84:
940 3820 1065 3882 etiamne,
1088 3819 1129 3872 lll.

49 3885 151 3940 wellen
177 3884 242 3938 auch
265 3883 312 3937 des
335 3884 400 3936 nde.
425 3886 566 3952 hinzutritt,
622 3889 661 3950 17,
679 3887 724 3938 37:
742 3890 848 3937 rectene
865 3884 895 3937 V.
915 3888 957 3952 21,
974 3888 1014 3939 62.
