2550 4410
127 142 168 201 42
529 142 623 195 uana
641 143 679 196 ΙΙΙ.
697 144 792 207 1165.
803 146 846 200 66.

126 336 194 378 rum
217 336 248 377 sc
264 317 293 377 in
311 318 391 377 tuctu
415 316 620 385 emesenam,
641 316 753 395 aliquid
768 318 914 379 iecerunt
930 320 1105 389 humanius,
1122 318 1188 379 autri

127 404 247 463 tritarius
263 404 352 463 tocttti
368 412 447 471 sunt,
467 412 607 462 revocant
622 421 653 463 se.
668 420 772 463 rursus
785 402 824 462 ad
840 404 1028 465 maestitiam
1044 404 1189 484 peccatique

126 508 158 547 se
181 488 370 556 insimulant,
393 486 473 565 quod
494 487 594 547 «tatere
616 488 840 549 intermiserint.
871 490 994 551 Pueros
1016 508 1088 551 vero
1107 500 1190 550 mauu

127 583 156 633 et
171 574 301 650 magistri
317 572 459 649 castigare
480 574 566 631 etiam
581 572 693 641 soient,
716 591 772 634 nec
792 572 894 635 verbis
916 576 1041 647 solum,
1061 575 1189 637 sedetiam

125 659 314 727 certioribus,
334 660 358 717 si
374 658 444 735 qiud
461 658 491 717 in
508 658 669 717 domestico
684 658 765 720 tuctu
779 657 906 720 hilarius
928 659 969 719 ab
988 662 1028 721 iis
1048 662 1190 723 tantuna

125 754 176 804 atat
190 746 310 813 attatum,
327 744 443 822 ptorare
458 754 580 817 rogitat.
609 742 710 813 Quid?
731 744 794 821 ipsa
808 744 951 806 remissio
967 746 1074 807 tuctus
1088 764 1148 807 cun
1158 754 1190 807 nt

126 841 285 889 consecuta
302 829 543 906 intellectumque
559 828 694 888 estnihil
715 829 818 908 protici
835 832 1024 900 maerendo,
1048 848 1189 893 nonncres

72 924 103 972 65
124 916 253 975 declarat
269 915 357 975 tuisse
379 922 472 973 totum
495 913 566 973 itluet
588 912 808 974 votuntarium‘?
837 913 918 985 Ouid
943 916 996 976 iile
1012 915 1188 978 Terentianus

121 994 245 1079 ‘ipsese
262 992 435 1078 poeniens'‚
451 999 478 1057 iat
495 1007 539 1059 est
553 996 673 1062 ἑαυτὸν
695 999 978 1077 τιμωρούμενοςῖ

328 1084 451 1143 Decre'at'
464 1085 604 1164 tantispa'r
618 1102 663 1143 me
677 1089 775 1145 minate
786 1087 928 1156 iniuriae,

330 1169 471 1238 Chremes,
490 1188 553 1229 mee
568 1179 656 1246 paeto
671 1170 781 1245 saone,
798 1170 868 1229 aram
880 1170 959 1249 fiam
973 1174 1077 1234 miser.

125 1252 179 1312 ttir
195 1252 327 1313 atacernit
351 1264 384 1314 ut
403 1255 493 1313 miser
514 1256 560 1314 sit.
589 1254 665 1313 Num
686 1255 752 1332 quis
773 1254 863 1329 igitur
884 1256 1056 1335 quicquam
1078 1257 1188 1319 decernit

124 1335 254 1398 inritus?

326 1424 406 1484 aiteio
422 1424 534 1503 quidem
547 1442 593 1484 me
607 1428 707 1502 matois
721 1424 840 1502 ‹ie'pnaam
855 1424 1002 1502 aie'paetem.

123 1508 198 1568 litato
218 1528 250 1567 se
276 1509 397 1587 (tigrium
421 1512 557 1586 deputat,
580 1509 635 1569 nisi
655 1510 745 1569 miser
765 1509 812 1569 sit.
848 1508 940 1571 Vides
963 1530 1041 1589 ergo
1062 1511 1189 1593 opinionis
1204 1527 1213 1549 ³·

123 1613 197 1662 asse,
215 1614 273 1654 non
292 1603 413 1654 naturae
428 1594 547 1654 malum.
576 1593 670 1666 Ouid,
686 1613 761 1672 quos
776 1612 824 1653 res
842 1594 904 1673 ipsa
922 1595 1034 1674 lugere
1050 1594 1188 1678 prohibet?

123 1689 156 1739 ut
176 1681 252 1759 apnd
269 1680 429 1740 Homerum
451 1679 615 1739 cotidianae
637 1698 728 1739 neces
755 1679 958 1757 interitusque
974 1684 1138 1746 multorum
1155 1703 1189 1746 sc·

122 1766 270 1825 «tationem
287 1765 435 1826 maerendi
452 1765 598 1836 adierunt,
614 1764 691 1843 apud
708 1782 795 1843 quem
811 1766 850 1824 ita
865 1765 1000 1827 dicitur:

328 1851 458 1929 Namque
472 1854 560 1909 nimis
574 1850 679 1910 maltos
693 1862 776 1929 atque
789 1854 872 1909 omni
883 1850 948 1911 tatae
963 1854 1099 1917 maante

329 1936 487 2004 Careamus,
501 1946 534 1993 at
548 1953 630 1995 nemo
643 1940 732 2015 possit
747 1952 876 1995 maerore
890 1955 1011 1999 occare.
1200 1942 1217 1995 Ι

331 2020 395 2090 Quo
411 2024 504 2097 mepta
518 2031 558 2079 est
573 2039 694 2099 ceperam
708 2020 828 2079 tremulis
841 2022 989 2083 mandore
1000 2038 1162 2107 peremptos

326 2104 353 2163 F
352 2111 425 2164 trme
442 2109 540 2164 anime
556 2117 581 2164 et
596 2105 705 2165 tractam
720 2106 848 2165 laminis
861 2105 952 2183 finire
969 2109 1102 2172 disemis.

67 2198 98 2247 att
119 2188 199 2265 Ergo
214 2188 243 2246 in
261 2198 406 2265 potestate
425 2199 470 2250 ost
490 2189 606 2249 abicere
627 2190 777 2261 dotorem,
798 2208 867 2249 eum
881 2190 973 2264 velis,
997 2198 1131 2275 tempori
1144 2214 1193 2258 ser·

120 2274 256 2333 rientem.
287 2276 331 2333 An
349 2286 393 2334 est
408 2276 500 2335 tritum
522 2285 654 2353 tempus,
677 2274 819 2353 quoniam
840 2274 963 2353 quidem
981 2297 1034 2340 res
1050 2282 1084 2341 in
1109 2290 1192 2343 nosut

119 2367 264 2439 potestate
279 2370 339 2432 est,
359 2360 405 2421 cui
423 2380 483 2419 non
500 2361 657 2438 ponendae
672 2378 760 2421 curae
776 2369 806 2419 et
820 2359 1023 2439 aegritudinis
1038 2384 1131 2429 causa
1144 2370 1221 2429 ser-⁵

119 2528 220 2579 tradicio
239 2528 301 2589 fieri
312 2552 346 2572 =
363 2530 427 2579 haec
445 2531 523 2594 quari
540 2526 629 2589 officii
679 2525 753 2578 (teres
776 2524 900 2578 bedentet
922 2527 996 2581 doch
1025 2531 1048 2589 ἑ,
1071 2529 1106 2587 τ.’
1146 2532 1193 2585 Man

118 2597 245 2646 servandi
255 2613 335 2647 auare
344 2598 495 2648 indicentes
504 2614 521 2648 a
530 2613 558 2646 se
567 2598 629 2658 fieri
680 2595 776 2645 konnte
786 2598 858 2645 enim
868 2594 954 2647 hinter
967 2600 1003 2649 id
1013 2606 1055 2651 eet
1068 2614 1193 2663 erwarten

119 2670 251 2728 oportere.
679 2663 730 2713 wie
748 2662 778 2713 V.
795 2664 821 2725 3,
839 2665 867 2714 9:
886 2665 935 2714 teos
950 2682 984 2715 ee
1003 2670 1146 2735 appellare
1158 2688 1194 2722 aa·

156 2736 177 2781 t.
203 2734 361 2796 trementes,
385 2732 439 2782 hier
456 2756 490 2775 =
508 2732 629 2781 medere·
675 2733 797 2797 pientiae
808 2732 950 2797 studioses,
962 2734 1050 2787 idest
1062 2740 1193 2805 coempti

119 2800 182 2861 ttae,
200 2802 252 2862 vgt.
271 2799 298 2849 11.
317 2802 358 2860 21,
377 2802 418 2850 65.
681 2799 812 2863 Iosophat.
847 2798 945 2851 Jedoch
965 2805 1025 2867 vgi.
1044 2805 1063 2857 i.
1082 2810 1125 2869 31,
1143 2811 1178 2860 tt.

152 2868 176 2916 3.
195 2868 396 2928 intermiserint,
417 2881 437 2917 s.
455 2882 487 2916 zu
508 2870 532 2930 3,
550 2870 574 2920 6.
717 2871 757 2919 to.
775 2868 897 2920 Decrevi.
932 2867 1062 2927 Herenni.
1083 2879 1108 2937 1,
1120 2878 1191 2941 aisa.

157 2937 182 2984 4.
210 2935 298 2983 verbis
314 2963 348 2970 —
365 2937 526 2985 aeremitae.
569 2934 628 2985 Das·
715 2938 755 2987 11.
772 2951 831 2985 mee
849 2934 971 3002 einsttbig
990 2954 1026 2990 zu
1046 2942 1129 2997 lesen.

119 3001 190 3053 sethe
210 3001 348 3066 Wortspiet
374 3002 432 3052 Ter.
450 3001 539 3053 Heaut.
557 3003 585 3053 lt.
604 3005 628 3065 3,
715 3006 755 3056 14.
773 3003 846 3053 Meto
863 3006 912 3055 cet.
930 3004 965 3055 ib.
987 3008 1034 3073 83,

118 3074 180 3123 115:
196 3069 256 3120 Tibi
267 3075 347 3120 erunt
356 3074 453 3135 parata
466 3072 553 3132 verba,
566 3073 629 3120 hatte
715 3075 754 3123 15.
773 3073 890 3135 deportat.
926 3071 1020 3126 Cicero
1040 3077 1134 3130 nimmt
1149 3078 1190 3129 deu

118 3142 221 3190 nemini
245 3142 288 3199 (=
310 3141 387 3197 minet
410 3140 527 3189 verbere.
570 3137 627 3203 Vgt.
678 3138 813 3190 Ausdruek
835 3139 881 3190 des
898 3137 1011 3192 Terent·
1025 3146 1126 3199 wieder
1141 3146 1189 3203 aui;

118 3211 185 3259 oben
205 3210 245 3270 19,
263 3210 310 3259 44:
330 3209 423 3272 ortibus
442 3244 448 3258 .
467 3246 473 3258 .
492 3209 558 3272 opis.
678 3206 744 3257 deun
763 3210 789 3258 in
808 3207 852 3258 der
868 3206 947 3261 klass
960 3206 1047 3265 Prosa
1065 3214 1190 3266 wirdtliet

152 3281 176 3328 t.
189 3293 232 3326 ree
245 3276 375 3327 declarat:
387 3270 439 3325 ‘die
452 3273 534 3326 Saehe
547 3273 628 3326 selbot
679 3274 753 3325 Wort
771 3275 842 3325 nictit
859 3277 1013 3341 gebraucht.

116 3344 168 3407 tdie
188 3345 337 3409 Ertatuungi
358 3344 426 3409 zeigt
445 3338 489 3395 es'.
714 3346 754 3395 17.
781 3342 856 3408 apud
880 3344 1045 3399 Homerum:
1075 3350 1106 3404 11,
1132 3348 1189 3403 xlx.

151 3416 175 3467 8.
193 3414 240 3463 ille
254 3413 441 3464 Terentianus:
454 3410 627 3474 Menedemus
679 3410 763 3463 226ff.

116 3480 161 3531 der
179 3483 267 3533 seinen
281 3480 350 3531 Sohn
370 3497 416 3532 aus
432 3482 529 3531 setnem
542 3479 626 3529 flause
713 3482 754 3532 19.
768 3481 842 3529 omni
854 3471 1057 3546 teee‘tigtich’;
1076 3485 1189 3537 lacrimis

116 3549 247 3611 getrieben
274 3549 318 3599 irat
342 3550 394 3599 und
411 3564 463 3599 nun
482 3548 551 3598 Reue
569 3547 626 3598 dar·
677 3546 783 3597 diurnis
795 3540 927 3598 ‘Thranen
945 3552 1043 3605 eines
1062 3550 1164 3621 Tages'.

116 3617 179 3667 tiber
196 3616 343 3682 empfindet.
711 3617 752 3667 25.
776 3616 913 3678 ponendae
936 3633 1023 3668 caerae
1045 3649 1080 3660 -
1104 3638 1187 3675 cama.

150 3688 174 3734 tt.
192 3692 319 3747 yroentena
336 3684 376 3735 tur
389 3687 520 3749 puniens,
538 3684 588 3734 wie
606 3682 625 3734 1.
676 3680 752 3734 Sino:
770 3684 830 3734 Man
843 3682 957 3735 befiudet
974 3687 1033 3739 sich
1046 3689 1188 3743 niematain

114 3752 158 3813 44,
177 3754 233 3805 tor.
676 3752 745 3801 einer
757 3750 832 3817 Lege,
852 3754 964 3804 wetener
978 3759 1111 3811 mansion
1125 3758 1188 3811 nictit

151 3818 179 3867 td
203 3824 241 3867 eet
264 3818 285 3869 ἑ.
310 3835 347 3869 τ.;
370 3810 451 3870 ‘deun
472 3818 557 3870 nichts
581 3834 625 3870 an·
675 3819 850 3886 aubequemen
868 3819 975 3885 konnte‚
992 3838 1041 3875 um
1060 3828 1107 3879 aut
1123 3828 1188 3879 diosa
