2550 4410
150 169 211 229 120
535 168 630 221 LIBER
646 168 677 222 V.
699 172 737 232 10,
750 170 842 223 auat.

148 343 223 415 litas,
243 342 385 413 solitudo,
403 341 518 402 amissio
534 360 673 411 suorum,
696 359 797 419 graves
813 341 932 403 dolores
950 341 1115 421 corporis,
1130 342 1229 421 perdita

149 429 293 500 valetudo,
313 427 461 499 debilitas,
477 427 618 499 caecitas,
634 426 770 488 interitus
785 427 914 506 patriae,
931 427 1097 500 exsilium,
1120 429 1229 490 serdus

150 514 287 591 denique.
318 513 351 572 ln
369 513 413 573 his
429 520 515 572 tolet
531 512 676 573 tantis-
692 521 780 590 atque
795 513 883 573 etiam
899 512 992 591 plura
1016 522 1153 592 possunt
1166 514 1230 575 acci·

150 598 220 659 dere
235 608 389 676 —potest
405 616 468 658 esse
480 598 613 676 sapiens;
631 615 698 657 nam
713 597 787 658 haec
801 615 888 659 casus
899 597 1063 677 importat,
1081 599 1134 678 qui
1150 599 1180 659 in
1194 618 1230 661 sa·

149 684 281 765 piantem
298 692 394 762 potest
409 683 570 742 incurrere.
607 684 645 743 At
660 683 684 743 si
700 701 732 742 ea
748 684 821 743 mala
846 692 933 756 sunt,
959 684 1014 763 qui
1039 693 1145 763 potest
1158 694 1253 764 praet

150 778 227 831 stare
249 787 366 847 semper
388 768 551 846 sapientem
575 768 693 827 beatum
718 769 790 842 lore,
813 786 880 829 cum
903 768 951 828 vel
975 769 1007 829 in
1035 769 1179 832 omnibus
1195 770 1231 832 his

97 866 127 917 30
149 874 210 915 uno
241 862 372 933 tempore
402 871 464 914 esse
494 851 607 931 possit?
650 853 716 913 Non
739 853 829 933 igitur
855 853 941 913 facile
973 855 1120 916 concedo
1147 874 1231 934 neque
1271 876 1273 881 ·

151 941 243 1001 Bruto
259 958 325 999 meo
343 957 439 1016 neque
454 937 662 999 communibus
677 938 823 1015 magistris
839 956 895 999 neo
910 940 1073 1001 veteribus
1088 941 1156 1015 illis,
1175 941 1230 1001 ttri-

151 1025 259 1097 stoteli,
275 1024 451 1103 Speusippo,
467 1023 636 1096 Xenocrati,
655 1023 823 1097 Polemoni,
840 1032 888 1097 ut,
904 1041 976 1084 cum
992 1044 1041 1100 ea,
1059 1045 1140 1105 quae
1154 1044 1230 1107 supra

151 1110 330 1178 enumeravi,
346 1109 375 1168 in
392 1108 475 1168 malis
492 1117 664 1182 numerent,
681 1108 769 1169 iidem
785 1109 883 1169 dicant
897 1127 1023 1189 semper
1040 1111 1165 1173 beatum
1179 1117 1260 1173 essett

151 1195 326 1272 sapientem.
364 1193 445 1263 Quos
461 1194 485 1254 si
500 1195 602 1254 titulus
625 1194 673 1254 hic
694 1193 820 1254 delectat
834 1194 962 1272 insignis
977 1205 1010 1256 et
1027 1197 1229 1277 [1111111111-

150 1281 288 1357 thagora,
313 1279 450 1350 Socrate,
474 1278 597 1339 Platone
620 1279 824 1358 dignissimus,
850 1279 998 1340 inducant
1022 1283 1162 1343 animum
1183 1283 1228 1351 ih,

152 1382 277 1442 quorum
293 1365 452 1443 splendore
467 1364 635 1442 capiuntur,
661 1364 729 1425 viris
751 1364 947 1425 valetudinem
966 1367 1228 1444 pulchritudinem,

152 1449 264 1510 divitias
279 1450 409 1509 honores
425 1467 497 1527 opes
508 1458 700 1510 contemnere
717 1468 818 1528 eaque,
835 1467 910 1527 quae
921 1450 968 1511 his
984 1453 1145 1514 contraria
1161 1463 1227 1527 sunt,

151 1553 206 1614 pro
230 1535 321 1595 nihilo
344 1535 467 1607 ducere;
497 1543 559 1594 tum
585 1543 728 1614 poterunt
758 1535 914 1596 clarissima
938 1554 1016 1597 voce
1049 1540 1186 1618 profiteri
1203 1541 1255 1600 sall

152 1639 250 1699 neque
265 1622 402 1680 fortunae
414 1621 526 1698 impetu
543 1638 598 1680 nec
614 1620 810 1681 multitudinis
822 1620 964 1699 opinione
980 1640 1045 1683 nec
1060 1625 1168 1685 dolore
1182 1643 1226 1685 nec

152 1715 325 1784 paupertate
347 1706 454 1765 terreri
477 1705 634 1783 omniaque
657 1705 712 1767 sihi
735 1706 765 1766 iu
789 1723 853 1766 sese
869 1723 933 1766 esse
956 1708 1069 1785 posita,
1095 1728 1155 1771 nec
1176 1728 1228 1771 esse

101 1799 128 1849 at
151 1792 309 1869 quicquam
324 1802 406 1851 extra
421 1809 503 1851 suam
525 1799 709 1869 potestatem,
726 1790 803 1868 quod
823 1791 934 1852 ducant
955 1792 987 1852 in
1011 1792 1118 1856 honis.
1155 1795 1227 1856 Nunc
1271 1832 1273 1837 -

152 1877 268 1937 ethaeo
284 1877 381 1954 loqui,
399 1895 474 1954 quac
491 1886 562 1937 sunt
577 1877 676 1954 magni
692 1875 842 1936 cuiusdam
863 1885 892 1936 et
906 1875 955 1936 alti
970 1877 1048 1951 viri,
1073 1889 1108 1941 et
1129 1882 1227 1951 eaden,

153 1980 227 2039 quae
239 1963 350 2039 volgus,
367 1961 396 2020 in
413 1961 496 2021 malis
512 1971 541 2020 et
556 1961 643 2022 honis
660 1979 817 2022 numerare
832 1961 956 2021 concedi
971 1963 1059 2024 nullo
1077 1967 1171 2027 modo
1185 1970 1261 2046 pot

152 2055 217 2106 test.
248 2046 312 2116 Qua
328 2046 420 2124 gloria
436 2056 601 2107 commotus
616 2046 763 2125 Epicurus
782 2046 928 2119 exoritur,
953 2048 1003 2108 cui
1021 2049 1136 2121 etiam,
1157 2051 1181 2113 si
1194 2051 1229 2112 dis

153 2132 261 2208 placet,
283 2131 397 2190 videtur
412 2149 530 2208 semper
546 2132 663 2211 sapiens
678 2131 789 2191 beatus.
826 2131 881 2192 llic
896 2131 1041 2211 dignitate
1058 2135 1156 2198 huius
1170 2155 1228 2198 sen-

152 2215 260 2276 tentiae
277 2215 400 2294 capitur,
417 2217 467 2277 sed
482 2235 643 2295 numquam
659 2218 687 2278 id
700 2217 819 2292 diceret,
835 2218 859 2278 si
874 2218 938 2296 ipse
953 2236 986 2278 se
998 2219 1134 2282 audiret.
1161 2221 1228 2294 Quid

188 2352 210 2401 3.
229 2352 259 2399 in
272 2351 313 2399 lis
328 2354 368 2400 tot
385 2354 411 2400 et
429 2354 519 2401 tantis.
546 2350 665 2402 Absicht-
717 2351 759 2401 eiu
778 2349 829 2402 Gut
848 2351 964 2403 erkliirte.

152 2417 204 2468 lich
216 2418 276 2469 liilst
290 2418 377 2470 Cicero
391 2418 445 2470 hier
456 2420 535 2470 molis
548 2435 613 2484 weg,
633 2419 665 2470 da
749 2419 881 2469 inducant
897 2422 1018 2470 anianum
1031 2411 1077 2472 ‘so
1092 2423 1228 2490 mogontie

152 2503 179 2537 11
203 2487 250 2538 mit
275 2486 324 2538 deu
349 2486 468 2538 Stoilrern
493 2487 563 2538 diese
583 2487 664 2552 Dirige
715 2487 770 2538 sich
788 2487 971 2540 entschlielsen
990 2479 1042 2540 -’.

152 2556 218 2607 eheu
236 2554 307 2607 nicht
325 2555 363 2606 als
381 2558 452 2606 mala
471 2555 620 2608 anerlrennt.
751 2557 791 2608 15.
805 2559 861 2605 tum
871 2561 1006 2624 poterunt,
1020 2572 1040 2609 s.
1055 2573 1090 2609 zu
1104 2559 1122 2611 1.
1138 2562 1176 2623 13,
1189 2561 1227 2612 3ος

187 2627 210 2676 5.
237 2629 377 2687 proestare
401 2617 486 2674 ί(111111
513 2615 663 2688 eiustehen‘,
717 2622 798 2673 Tolle.

153 2691 199 2741 mit
222 2692 304 2742 einem
324 2690 526 2755 Ohjektssatze
549 2693 612 2743 auch
638 2707 662 2756 p.
751 2694 789 2742 ll.
815 2693 967 2756 omniaque,
991 2706 1012 2743 s.
1034 2691 1055 2744 l.
1081 2696 1128 2758 29,
1148 2698 1178 2748 'll
1200 2708 1228 2744 ru

153 2759 245 2809 Flacco
269 2761 308 2821 12,
327 2761 371 2810 28:
390 2760 665 2824 (manummerias
716 2760 898 2823 adhibuitque.

153 2825 220 2889 fore,
239 2829 448 2890 quispraectore
460 2832 587 2892 poterat?
605 2827 663 2893 Vgl.
751 2829 790 2880 18.
812 2826 907 2890 Nunc,
931 2827 979 2878 wie
1002 2826 1040 2878 lll.
1071 2830 1100 2894 1,
1119 2832 1148 2891 2;
1176 2828 1226 2892 atti,

153 2893 190 2944 lll.
211 2895 302 2956 tuat.
716 2896 768 2960 vgl.
787 2895 817 2948 ll.
837 2898 915 2959 t,11.

188 2963 212 3014 8.
232 2963 414 3012 communibus
431 2965 577 3027 magistris,
598 2979 621 3017 z.
634 2962 663 3016 Β.
751 2965 792 3016 21.
816 2962 874 3026 Qua
890 2963 983 3027 gloria
1006 2969 1157 3016 commotus
1169 2957 1226 3015 ‘rou

153 3029 211 3081 dem
230 3032 257 3094 8,
277 3032 306 3081 21
327 3034 471 3096 genannten
489 3031 590 3082 Aristus
612 3031 662 3082 und
713 3030 838 3096 Begierde
854 3032 919 3082 nach
931 3031 1028 3083 diesem
1040 3030 1128 3084 Ruhm
1141 3033 1226 3098 gelrie·
1271 3046 1273 3087 !

151 3099 301 3151 Antiochus.
714 3091 780 3152 hen'.
807 3099 1009 3165 Wegengloria
1023 3115 1044 3151 o.
1061 3100 1224 3166 runauld
1271 3102 1273 3143 ἶ

187 3170 210 3219 9.
239 3167 400 3232 Speusippus
406 3204 413 3230 ,
436 3165 481 3216 der
505 3164 661 3217 Schwesler-
713 3182 804 3233 wegen
815 3169 970 3232 quaglorio
982 3167 1023 3219 liu
1035 3170 1224 3235 1111111νοί811-

153 3235 218 3286 sohn
244 3234 288 3286 des
311 3234 398 3297 Plato,
426 3249 478 3284 war
504 3235 564 3285 acht
585 3233 662 3286 Jahre
713 3236 1224 3302 11111113451111111111111111111.

153 3303 212 3368 lang
240 3304 403 3367 (atr—339)
431 3302 485 3353 sein
508 3302 663 3368 Nachlolger
748 3304 1225 3370 sidisplaeetwirdimmerironisch

153 3371 187 3422 im
210 3370 327 3423 Lehramt
351 3370 394 3421 der
411 3370 560 3425 Akademie.
596 3371 664 3423 Uber
716 3372 863 3437 gebraucht.
888 3371 947 3424 Hier
959 3371 1051 3424 (11111111
1060 3388 1089 3424 es
1099 3373 1142 3426 die
1153 3362 1226 3425 llber-

152 3439 351 3490 Xenocrates
370 3454 390 3490 s.
409 3454 439 3489 zu
458 3438 476 3492 l.
492 3442 531 3502 10,
545 3442 588 3499 20;
609 3441 663 3491 sein
715 3441 850 3504 raschuug,
870 3440 924 3492 dass
942 3441 1008 3492 auch
1021 3440 1067 3508 llp.
1087 3440 1144 3493 dies
1165 3445 1225 3508 sagi,

152 3506 308 3572 Nachlolger
326 3506 422 3557 wieder
439 3509 472 3571 (v.
487 3510 535 3559 315
548 3511 590 3572 an)
611 3524 663 3559 war
715 3523 773 3568 aus;
793 3503 948 3560 etwa:‘wer
960 3509 1037 3560 sollte
1051 3524 1079 3561 es
1094 3503 1227 3563 denkenl'

153 3574 296 3638 Polemo,
319 3575 360 3625 ein
384 3575 524 3641 geborener
541 3577 662 3630 Athenon.
714 3575 777 3627 oder
791 3571 898 3628 ‘meiner
910 3569 993 3628 Treu'.
1025 3576 1062 3628 So
1080 3577 1226 3641 lapisto,

188 3647 227 3696 11.
239 3642 497 3708 1111111111111111111111)
510 3647 560 3709 hic,
574 3661 609 3697 sc.
622 3663 663 3695 sa·
715 3647 761 3696 38:
784 3645 940 3710 Appellatus
964 3650 1003 3696 est
1026 3647 1070 3697 hic
1094 3648 1227 3698 acaunus

148 3712 257 3775 pientia.
714 3714 787 3762 illius
810 3716 983 3778 provinciae,
1013 3717 1038 3764 ci
1065 3715 1227 3781 displacel,

190 3781 229 3832 12.
247 3779 365 3829 Platone.
402 3779 452 3830 Cic.
471 3780 587 3844 vergilst,
606 3781 662 3832 dals
714 3783 870 3844 imperator.

153 3845 218 3896 auch
237 3844 319 3897 dieser
338 3846 378 3898 die
396 3846 511 3898 iusseren
523 3847 604 3914 Dirige
623 3849 663 3899 ldr
749 3849 788 3901 23.
806 3853 831 3899 si
848 3852 902 3914 ipse
919 3866 947 3899 ce
959 3850 1081 3901 audiret:
1099 3841 1227 3904 ι1111111111
