2550 4410
123 170 183 229 140

423 165 516 221 uuus
533 165 561 219 u.
580 170 621 233 24,
639 170 679 221 aa.
698 169 739 219 oo.
762 167 803 231 os,
820 167 862 218 oo.

122 341 295 420 fugiendum
318 348 377 412 est,
408 339 510 401 eadem
531 345 602 399 sunt
622 355 703 398 arma
721 337 873 399 sumenda.
911 335 972 397 Sed
1000 336 1151 415 quoniam
1168 335 1199 397 de

121 428 224 490 dolore
244 426 409 505 loquimur,
432 424 479 485 illa
502 423 680 484 omittamus.
709 422 753 483 Ad
775 420 931 483 serendum
952 420 1050 498 igitur
1072 421 1199 482 dolorem

121 512 235 593 placide
250 519 338 589 atque
354 510 453 571 sedate
468 508 629 587 plurimum
644 507 764 586 prolicit
783 515 846 568 toto
867 513 1009 586 pectore,
1030 513 1070 568 ut
1090 505 1198 578 dicitur,

121 597 252 678 cogitare
268 614 356 675 quam
371 595 401 656 id
417 594 575 654 honestum
587 592 634 653 sit.
662 591 771 653 Sumus
786 591 868 653 euim
882 598 1001 664 natura,
1017 598 1054 652 ut
1065 589 1198 653 antedixi

123 716 160 727 -
174 683 333 744 dicendum
345 687 391 742 est
402 679 481 740 enim
494 678 611 757 saepius
622 710 664 721 -

665 722 673 750 ,
689 676 893 739 studiosissimi
904 675 1224 756 appetentissimiquel

120 767 301 839 honestatis,
328 765 413 826 cuius
435 763 460 825 si
481 763 565 843 quasi
587 761 688 823 lumen
711 761 829 841 aliquod
849 759 1038 841 aspeximus,
1062 761 1142 822 nihil
1161 767 1199 821 est

121 853 216 935 quod,
232 859 317 913 uteo
332 849 494 930 potiamur,
511 866 571 909 uon
587 846 681 926 parati
702 846 793 908 simus
808 854 838 908 et
851 847 930 908 lerre
950 852 982 906 et
1001 847 1136 926 perpeti.
1162 842 1199 905 Ex

120 940 177 1001 hoc
193 954 283 999 eursu
298 943 386 1013 atque
400 933 514 1012 impetu
529 932 694 993 animorum
709 932 746 992 ad
760 949 859 993 veram
869 930 987 992 laudem
1003 939 1098 1010 atque
1112 931 1198 994 hone·

120 1033 226 1086 statem
242 1019 290 1080 illa
306 1017 436 1098 pericula
451 1017 598 1078 adeuntur
614 1017 643 1077 in
660 1016 797 1095 proeliis;
813 1035 875 1078 uon
886 1014 1025 1078 sentiunt
1038 1016 1100 1077 riri
1115 1017 1198 1077 lortos

121 1109 151 1169 in
170 1105 231 1167 acie
247 1104 376 1177 volnera,
392 1101 437 1163 vel
449 1103 590 1175 sentiunt,
606 1101 660 1185 sed
670 1101 746 1161 mori
757 1102 871 1164 malunt
882 1118 970 1179 quam
982 1107 1107 1162 tantum
1119 1099 1198 1161 modo
1213 1101 1232 1153 lt

69 1197 99 1248 oe
121 1192 157 1252 de
173 1188 324 1269 dignitatis
338 1186 430 1268 gradu
443 1186 601 1248 demoveri.
635 1184 787 1266 Fulgentis
799 1186 910 1266 gladios
920 1184 1054 1247 hostium
1067 1184 1200 1247 videbant

120 1275 212 1349 Decii,
229 1292 297 1335 cum
312 1273 343 1333 in
359 1272 452 1334 aciem
464 1291 566 1333 eorum
578 1271 740 1331 irruebant.
771 1271 823 1333 His
834 1269 948 1332 levabat
960 1288 1089 1332 omnem
1104 1271 1198 1331 volue-

121 1379 188 1422 rum
203 1366 315 1419 metum
330 1356 466 1419 nobilitas
481 1357 585 1418 mortis
601 1362 629 1416 et
643 1354 744 1434 gloria.
765 1357 843 1417 Num
853 1364 916 1417 tum
928 1355 1117 1434 ingemuisse
1128 1354 1198 1434 Epa·

121 1445 292 1506 minondam
308 1450 404 1521 putas,
421 1460 489 1503 oum
504 1460 564 1504 una
581 1458 648 1501 oum
663 1441 808 1519 sanguiue
818 1441 907 1502 vitam
917 1440 1044 1501 ellluere
1055 1435 1199 1502 sentiretl

121 1530 318 1608 Imperantem
335 1527 415 1587 enim
431 1527 555 1606 patriam
572 1525 813 1588 Lacedaemoniis
827 1523 1031 1604 relinquebat,
1048 1543 1143 1604 quam
1156 1541 1198 1587 ac·
1214 1525 1234 1577 ll

122 1624 240 1694 ceperat
256 1612 443 1676 servientem.
470 1612 549 1673 Haec
564 1618 635 1672 sunt
649 1606 766 1686 solacia,
782 1611 999 1693 baecjlomenta
1013 1626 1198 1673 summorum

121 1699 267 1762 dolorum.

69 1785 107 1842 25
205 1784 302 1856 Dices,
318 1783 389 1862 quid
405 1782 436 1843 iu
453 1779 547 1863 pace?
563 1779 633 1860 quid
648 1778 752 1841 domii
767 1780 838 1859 quid
853 1781 885 1842 in
899 1777 1033 1841 lectulo?
1048 1784 1088 1845 ad
1103 1781 1197 1864 philo-

69 1877 98 1927 60
121 1870 231 1951 sophos
245 1888 293 1930 me
309 1885 446 1940 revocas,
469 1866 565 1945 quiin
582 1863 675 1926 aciem
691 1885 752 1928 non
769 1883 856 1946 saepe
872 1866 1037 1945 prodeunt,
1058 1867 1197 1948 equibus
1216 1861 1221 1868 ’

120 1954 208 2016 homo
231 1972 302 2017 saue
322 1952 409 2025 levis,
436 1951 624 2012 Heracleotes
643 1951 818 2031 Dionysius,
840 1969 907 2012 cum
930 1969 947 2011 a
968 1949 1095 2028 Zenone
1118 1952 1232 2016 foruit

120 2057 183 2102 esse
199 2038 363 2111 didicisset,
385 2054 400 2096 a
416 2033 518 2096 dolore
533 2036 676 2098 dedoctus
696 2045 750 2098 est.
781 2036 854 2097 Nam
876 2054 945 2098 cum
963 2054 1001 2097 ex
1015 2040 1146 2102 renibus
1158 2039 1196 2100 la·

154 2207 178 2257 3.
188 2207 242 2253 toto
250 2193 424 2267 pectore‘mit
433 2216 526 2268 ganzer
536 2193 632 2254 Seele’.

120 2271 155 2324 So
174 2271 205 2322 de
223 2269 274 2335 leg.
287 2269 305 2322 1.
326 2271 365 2334 18,
384 2272 430 2323 49:
453 2274 477 2321 st
500 2286 554 2321 non
578 2273 634 2337 ipse

119 2341 221 2390 amicus
228 2354 281 2404 per
292 2354 319 2388 se
329 2342 436 2389 amatur
449 2343 506 2390 toto
517 2344 632 2405 pectore,

117 2412 151 2459 ut
167 2408 275 2459 dicitur.
288 2436 320 2444 —
339 2405 389 2458 Fur
406 2412 438 2457 ut
455 2407 557 2458 dieitur
575 2413 634 2472 sagt

118 2477 205 2529 Cicero
231 2475 273 2528 bei
296 2475 341 2527 der
363 2474 514 2542 holdbrung
537 2475 634 2542 spricb·

118 2544 264 2597 wdrllicher
275 2543 426 2597 Ausdrdclre
444 2544 509 2596 auch
524 2549 555 2594 ut
571 2544 634 2607 (bis-

117 2613 211 2665 weileu
224 2628 300 2678 quem
312 2613 467 2664 admodum
479 2612 541 2663 oder
552 2612 633 2678 quod)

117 2685 204 2745 otacot,
222 2681 283 2732 aber
301 2681 371 2732 nicht
388 2684 420 2730 ut
437 2680 538 2731 dicunt.

152 2751 176 2799 4.
196 2763 276 2812 quom
296 2747 331 2798 ist
344 2748 416 2798 auch
434 2746 489 2798 bier
506 2763 557 2798 von
574 2746 632 2799 dem

117 2815 290 2881 zugebdrigen
306 2812 395 2866 Worte
412 2816 569 2880 (honestum)
588 2829 632 2882 ge-

117 2886 214 2942 treuut;
233 2881 284 2947 vgl.
303 2896 335 2932 zu
353 2884 377 2945 4,
398 2884 437 2934 10.

150 2954 183 3001 ut
199 2954 261 3000 anto
277 2948 348 3014 diui,
366 2964 386 3001 s.
406 2952 446 3013 20,
464 2953 506 3002 46.

151 3021 174 3071 6.
210 3019 290 3083 quasi
306 3016 396 3067 tomen
419 3018 531 3083 aliquod
543 3010 631 3072 ‘weun

117 3086 164 3137 wir
186 3086 261 3138 einen
280 3084 366 3137 Strahl
388 3100 439 3138 von
462 3086 502 3137 ihr
520 3087 631 3152 geseben

116 3144 221 3205 haben’.
248 3151 306 3218 vgl.
317 3152 384 3207 Lael.
396 3156 419 3216 8,
429 3156 473 3207 27:
485 3156 524 3219 (in
533 3157 631 3220 amico)

116 3221 301 3341 quqeuitiqumeo
318 3222 430 3302 qliquod
442 3225 589 3288 probitatis
606 3229 632 3274 et

115 3307 159 3342 uer
262 3305 291 3339 er
322 3305 402 3343 acere.

149 3363 173 3412 7.
192 3305 414 3424 Eoephohpcurm,
432 3358 485 3425 vgl.
506 3357 533 3411 V.
550 3361 574 3423 6,
587 3362 630 3412 l'l:

115 3444 150 3480 ecc
167 3443 228 3493 quo.

151 3498 190 3550 10.
219 3498 323 3546 tontum
352 3494 443 3559 modo,
470 3496 628 3559 δεικτικῶςε

111 3555 171 3628 ‘pur
189 3578 218 3616 so
231 3563 282 3615 viel
294 3589 329 3609 .-.-.
341 3577 389 3615 nur
406 3562 441 3614 im
460 3554 628 3629 geringsteu’.

115 3629 183 3683 Uber
206 3630 239 3683 de
261 3632 406 3696 dignitatis
425 3632 518 3696 gradu
541 3631 629 3682 demo-

116 3701 173 3749 oere'
187 3711 208 3750 s.
222 3698 289 3750 oben
304 3701 427 3764 zu5,14:
441 3698 474 3749 de
487 3701 628 3751 sententio.

150 3767 191 3819 12.
209 3764 293 3828 Decii,
310 3781 332 3821 s.
349 3766 368 3819 l.
385 3769 427 3829 37,
447 3769 487 3820 89.

146 3831 475 3899 13.llpamiocndom.Vgl.
482 3833 569 3902 Nepos
576 3851 597 3887 o.
604 3837 628 3887 9.

722 2207 761 2256 15.
780 2203 957 2271 imperantem
974 2231 1009 2241 -
1026 2204 1197 2272 relinquebat

685 2287 765 2337 quom
788 2275 930 2338 occeperat
950 2275 1120 2326 servientem.
1154 2272 1196 2325 Bel

684 2339 823 2406 doppelten
849 2339 1027 2405 Gegensitzen
1057 2341 1126 2393 wird
1156 2341 1197 2394 der

684 2406 818 2459 Chiesmus
830 2424 881 2461 von
894 2408 944 2459 Gic
957 2406 1102 2461 besonders
1111 2408 1196 2475 biche

684 2474 1195 2612 anngqqqqffiqqtieqeuqkqlrsm

685 2609 810 2677 Virtutis,
828 2612 1027 2677 magnitudinis
1039 2615 1137 2679 animi,
1151 2629 1196 2682 po·

685 2678 1196 2744 timidae,sortitudinisfommtr⁰sdolor

682 2749 807 2813 mitigari
823 2750 897 2801 solet.

718 2818 758 2869 18.
775 2817 864 2883 Dices,
883 2816 933 2870 wie
944 2815 982 2870 lll.
996 2820 1037 2885 20,
1050 2820 1097 2872 ld:
1122 2818 1198 2871 Dicet

683 2883 789 2949 aliquis.

717 2954 757 3005 20.
775 2953 848 3003 Dion
867 2954 925 3003 aius
933 2952 968 3004 ist
976 2952 1049 3005 nicht
1060 2951 1106 3005 der
1117 2954 1194 3018 11,ae

684 3020 815 3072 erwdhute
834 3023 843 3086 l
876 3020 922 3072 ber
939 3020 995 3072 bier
1011 3020 1117 3074 undlll.
1130 3023 1206 3087 9,18,

683 3088 850 3141 Heracleotes
861 3087 1066 3155 voraogestellt),
1083 3088 1195 3142 eoadem

683 3157 725 3208 ein
743 3157 843 3221 ilterer,
860 3171 907 3208 aus
924 3155 1047 3208 llereclea
1065 3157 1092 3209 in
1111 3155 1195 3210 Grole·

683 3222 876 3289 griecbeulaud,
899 3222 982 3276 Zeuos
1004 3223 1130 3290 Schdler,
1152 3223 1194 3277 der

682 3292 762 3343 durch
779 3291 941 3359 ladrperliche
959 3291 1052 3343 beiden
1073 3307 1128 3344 von
1147 3291 1194 3345 deu

682 3359 802 3412 Stoikeru
820 3375 853 3412 zu
873 3358 924 3412 den
942 3359 1117 3428 Cyrenaikern
1135 3360 1195 3413 oder

680 3427 838 3493 Epilrureern
862 3427 1076 3494 hiribergeldhrt
1097 3427 1193 3492 wurde,

681 3495 759 3547 daher
772 3489 788 3551 ὃ
801 3492 999 3563 μεταθέμενος
1012 3494 1193 3564 genannthl.

679 3562 760 3617 head.
777 3564 805 3616 ll.
824 3565 865 3627 22,
883 3566 924 3616 71.

715 3633 755 3685 21.
785 3631 935 3696 didicisset,
958 3633 1023 3684 statt
1044 3629 1093 3684 des
1115 3645 1193 3701 unpe-

680 3699 860 3751 briucblicheu
879 3697 950 3751 Pass.
968 3713 1022 3750 von
1038 3699 1145 3754 docere.

713 3767 841 3819 dedoctus
851 3771 897 3819 eat.
914 3764 973 3832 Vgl.
986 3766 1018 3819 de
1027 3764 1072 3821 liu.
1084 3766 1103 3823 1.
1113 3769 1139 3832 6,
1148 3769 1192 3822 2⁰:

678 3837 703 3885 at
720 3851 737 3886 a
748 3836 884 3903 Polyaeno
899 3837 1077 3901 geometriam
1093 3835 1192 3889 tatem
