2542 4394
420 205 515 260 tmen
532 207 575 261 u.
593 209 668 274 sna
688 210 781 272 rome.
1099 209 1139 268 or

64 375 101 438 de
125 378 253 455 quodam
275 386 326 439 aut
347 377 539 457 quibusdam,
563 397 638 458 quae
654 375 912 463 κατηγορήματα
928 380 1072 443 dialectici
1087 402 1141 463 ap-

61 462 188 544 pellant,
214 472 246 523 ut
266 462 375 524 habere
397 463 524 537 divitias,
552 482 657 543 capere
678 465 825 539 honores,
852 464 1016 545 indigentia
1039 485 1140 529 rerum

61 547 196 628 ipsarum
219 547 276 622 sit,
298 556 332 608 ut
354 549 510 622 honorum,
534 557 568 609 ut
589 550 744 628 pecuniae.
790 549 930 610 Omnium
953 560 1051 612 autem
1073 572 1141 632 per·
1163 561 1193 612 v

61 631 267 693 turbationum
284 634 397 694 sontem
413 652 477 694 esse
494 633 597 694 dicunt
611 637 877 715 intemperantiam,
898 654 972 714 quae
988 644 1032 697 ost
1047 656 1063 697 a
1078 646 1140 699 tota

20 729 37 779 t
59 726 161 778 mente
183 714 211 800 [a
233 727 314 779 recta
335 714 463 800 ratione]
486 719 612 780 deiectio
633 719 676 780 sic
699 737 798 780 aversa
813 738 829 779 a
843 720 1077 800 praescriptione
1093 740 1140 783 ra-

60 803 170 876 tionis,
194 810 227 863 ut
247 803 331 864 nullo
349 803 438 864 modo
454 804 651 883 appetitiones
665 804 756 865 animi
773 823 829 867 nec
844 805 907 884 regi
922 824 978 866 nee
993 807 1140 868 contineri

60 895 181 966 queant.
217 887 313 959 Quem
332 889 372 970 ad⁴
389 889 511 950 modum
526 889 615 967 igitur
636 889 831 969 temperantia
846 891 928 951 sedat
943 891 1140 970 appetitiones

60 981 90 1033 ot
105 972 204 1044 elficit,
220 982 253 1033 ut
268 992 319 1034 eae
334 982 433 1035 rectae
448 973 555 1033 rationi
574 982 708 1052 pareant,
724 983 938 1054 conservatque
953 975 1138 1038 considerata

60 1057 168 1118 iudicia
184 1058 302 1130 mentis,
318 1058 360 1120 sic
376 1058 445 1119 buio
460 1058 578 1118 inimica
594 1058 823 1137 intemperantia
839 1078 958 1120 omnem
975 1061 1065 1122 animi
1080 1071 1140 1123 sta·

10 1150 36 1205 lo
57 1150 122 1202 turn
138 1142 308 1215 inflammat,
326 1142 496 1217 conturbat,
511 1144 629 1217 incitat,
652 1143 751 1222 itaque
767 1152 796 1204 et
810 1144 1010 1223 aegritudines
1025 1156 1055 1208 et
1075 1165 1138 1207 me-

59 1235 108 1288 tus
123 1237 153 1288 et
168 1226 299 1306 reliquae
313 1227 553 1307 perturbationes
568 1246 673 1290 omues
687 1229 854 1308 gignuntur
869 1249 904 1290 ox
919 1248 962 1290 ea.

146 1312 241 1384 Quem
264 1313 300 1373 ad
323 1313 461 1387 modum,
485 1330 553 1373 oum
574 1313 695 1391 sanguis
716 1322 876 1394 corruptus
897 1323 942 1375 est
963 1324 1013 1376 aut
1033 1293 1191 1395 pituita1⁰

60 1396 208 1459 redundat
218 1406 269 1458 aut
280 1396 356 1471 bilis,
372 1397 403 1458 in
416 1415 544 1477 corpore
559 1396 658 1458 morbi
673 1399 949 1478 aegrotationesque
966 1411 1139 1476 nascuntur,

61 1481 105 1542 sic
126 1500 282 1563 pravarum
305 1482 481 1562 opinionum
504 1482 693 1544 conturbatio
716 1491 746 1544 et
760 1484 893 1563 ipsarum
908 1485 988 1545 inter
1002 1503 1034 1547 se
1050 1504 1141 1566 repu-

10 1572 39 1629 ta
60 1567 184 1645 guantia
206 1567 330 1629 sanitate
350 1568 457 1647 spoliat
472 1567 604 1629 animum
626 1566 799 1646 morbisque
814 1569 977 1648 perturbat.
1011 1569 1056 1630 Er
1070 1590 1140 1650 per·

61 1651 285 1714 turbationibus
307 1662 404 1714 autem
427 1652 557 1732 primurn
579 1653 675 1715 morbi
694 1653 911 1728 coniiciuntur,
934 1672 1010 1732 quae
1032 1665 1141 1717 vocant

60 1735 101 1797 illi
125 1733 316 1821 νοσήματα,
347 1756 455 1816 eaque,
486 1756 562 1817 quae
585 1745 655 1799 sunt
677 1737 719 1798 eis
741 1737 854 1799 morbis
875 1739 1040 1811 contraria,
1063 1758 1139 1819 quae

59 1821 174 1883 babent
205 1823 239 1883 ad
273 1841 321 1884 res
355 1831 451 1884 certas
481 1823 613 1884 vitiosam
649 1824 836 1904 offensionem
865 1831 952 1902 atque
978 1824 1137 1898 fastidium,

60 1906 171 1968 deinde
186 1912 408 1987 acprotationes,
432 1926 507 1987 quae
524 1906 713 1987 appellantur
727 1926 744 1967 a
759 1907 866 1969 Stoicis
880 1904 1137 1992 ἀρῥωστήματα,

10 2000 39 2055 1)
58 1990 164 2071 bisque
189 1992 259 2054 item
274 1993 427 2073 oppositae
450 1993 617 2054 contrariae
633 1994 813 2074 offensiones.
851 1992 916 2053 lloe
931 1993 998 2055 loco
1012 1993 1137 2055 nimium

10 2208 13 2213 -
58 2176 193 2229 einerseits
220 2192 303 2244 ganan
327 2192 479 2243 genommen
503 2178 575 2230 nicht
625 2176 847 2243 Unterscheidung
859 2176 904 2229 der
916 2176 1026 2242 swiker,
1039 2179 1138 2232 welche

58 2244 106 2297 das
133 2243 229 2310 Objelrt
258 2245 354 2310 selbst,
384 2244 495 2298 sondern
524 2245 573 2297 deu
625 2245 676 2295 Cic.
695 2245 778 2296 selbst
795 2245 867 2296 nicht
885 2245 967 2310 villig
984 2248 1137 2300 verstanden

56 2311 145 2366 Besitz
172 2313 307 2366 desselben
337 2313 491 2377 uduscbeu,
521 2312 574 2365 und
624 2328 655 2364 zu
668 2311 996 2376 babeneobeintberubeu
1009 2312 1138 2378 dionomi-

56 2380 229 2434 audererseits
257 2383 411 2446 indigentia
438 2381 503 2433 anob
531 2379 573 2432 die
645 2379 1138 2446 aaatmorti]aulderUnlibiglreit,die

55 2447 211 2516 Bedeutung
234 2467 286 2502 von
308 2447 497 2514 Beduritiglreit
519 2448 573 2512 bat,
622 2399 783 2512 bichtigkeit
802 2446 846 2498 der
866 2448 1009 2498 erstrebten
1028 2448 1138 2513 ObJelrte

10 2526 30 2545 ··
55 2517 83 2568 iu
103 2517 215 2569 welcber
232 2533 260 2570 es
281 2517 446 2570 uumittelbar
464 2516 572 2568 auidas
623 2511 1137 2595 zuerlreunen,wirbrenddicipiant}-

55 2582 154 2650 Objekt
165 2585 282 2652 bezogen
294 2585 359 2637 wird
374 2586 425 2638 und
437 2585 514 2637 keine
526 2585 572 2635 Art
622 2601 698 2650 ματα
709 2584 930 2647 (aegrotationae)
940 2597 1010 2633 zwar
1018 2598 1080 2647 Jene
1091 2583 1138 2634 Ur-

55 2653 102 2706 der
120 2653 202 2705 libido
221 2653 264 2706 ist.
622 2650 810 2716 teilslabiglreit
822 2654 1015 2714 voraussetaeu,
1032 2651 1094 2702 aber
1110 2653 1137 2703 in

91 2726 115 2775 1.
139 2721 171 2772 da
194 2722 309 2788 quodam
331 2726 381 2772 out
404 2720 570 2787 quibusdam.
623 2718 693 2771 einer
710 2718 879 2769 imbecillitas
895 2719 946 2782 (13,
961 2720 1012 2783 29),
1030 2717 1055 2769 d.
1067 2718 1092 2771 b.
1110 2719 1137 2771 in

55 2787 93 2842 So
112 2788 144 2841 de
160 2789 213 2842 inv.
225 2789 253 2842 ll
266 2792 307 2855 54,
322 2792 383 2843 162:
403 2790 434 2840 da
452 2804 504 2855 quo
521 2789 572 2838 cli·
623 2786 667 2838 der
692 2785 848 2852 Obumaebt,
872 2784 921 2837 den
945 2785 1137 2852 audringenden

55 2860 136 2910 ouius
152 2863 203 2909 aut
219 2859 372 2923 aliquorum
398 2860 454 2907 iam
469 2861 571 2907 santen-
622 2853 1139 2907 LeidenscbaiteueiueuWiderstandent-

54 2928 102 2977 tiis
120 2929 295 2976 comtitatum
313 2930 358 2977 cat.
622 2927 835 2988 gegenzusetaen,
852 2923 924 2974 ibren
939 2922 1027 2976 Gmud
1044 2924 1137 2977 baben.

90 2996 115 3047 2.
129 2994 282 3058 indigentia
292 3022 325 3032 —
334 2997 377 3057 sit,
394 3007 426 3043 au
445 2990 490 3043 der
501 2989 571 3042 Wie-
623 2990 666 3043 Sie
678 2989 735 3042 sind
747 2990 803 3042 also
815 2991 887 3042 nicht
899 2991 1063 3057 quantitatir,
1077 3008 1139 3044 son·

53 3061 199 3126 derholung
221 3077 272 3113 von
294 3064 331 3112 ait
351 3059 404 3125 vgl.
421 3059 444 3111 l·
459 3061 506 3124 25,
523 3061 570 3112 6οε
623 3058 685 3109 dern
699 3058 836 3125 qualitativ
846 3073 898 3110 von
912 3057 1033 3110 einander
1050 3064 1138 3111 unter-

55 3130 240 3194 Quaeaitilla
255 3132 296 3180 oia
314 3134 340 3179 et
357 3127 428 3179 undo
444 3129 494 3189 ait;
513 3126 571 3178 ebd.
624 3126 744 3178 sebieden
777 3125 829 3178 und
862 3126 967 3178 kinuen
993 3141 1039 3178 aus
1062 3126 1140 3191 jeder

55 3201 99 3263 11,
110 3199 153 3252 23.
623 3194 757 3246 einzelnen
775 3192 955 3246 Leidenscbalt
978 3194 1137 3246 erwacbsen.

92 3267 133 3318 16.
145 3268 238 3331 morti,
251 3280 319 3331 quae
327 3267 427 3314 vocant
436 3262 481 3313 illi
491 3258 572 3328 τασὴ-
623 3260 901 3314 DasselbeVerhiltnis
913 3260 994 3312 findet
1006 3261 1138 3314 zwiscben

52 3351 141 3401 ματα,
149 3333 201 3399 rgl.
211 3333 228 3384 l.
240 3338 263 3396 1,
275 3337 302 3384 1:
314 3332 404 3382 stadio
414 3334 570 3397 sapientiae,
622 3329 670 3382 den
691 3329 850 3392 offensiones
867 3334 938 3381 statt.

53 3416 125 3466 quac
132 3402 304 3467 philosophia
314 3401 424 3451 dicitur.
454 3397 570 3450 Ausden
664 3401 704 3450 11.
728 3412 812 3481 eaque
830 3389 893 3447 ‘und
918 3395 1065 3462 diejenigen
1088 3396 1139 3447 Zu-

51 3471 273 3536 perturbationes
289 3467 423 3520 entstebeu
436 3467 571 3518 einerseits
621 3464 713 3517 stinde
737 3493 787 3515 -.

53 3536 98 3589 die
107 3539 195 3587 morbi
203 3537 255 3589 und
264 3538 473 3601 aegrotationes,
482 3532 571 3585 beides
658 3535 696 3585 18.
715 3532 753 3584 ad
763 3548 806 3582 roa
818 3535 944 3582 certoa—
956 3531 1136 3596 offentonam,

51 3603 571 3671 hnnkbalteNeiguugeuzubestimmten
623 3601 673 3652 wie
684 3599 722 3651 lll.
736 3602 760 3660 5,
774 3602 802 3651 11
817 3601 913 3649 mentia
924 3600 962 3650 ad
977 3601 1066 3650 omnia
1080 3616 1138 3651 cae-

50 3672 164 3738 bingen,
183 3672 336 3724 andrerseits
348 3672 389 3724 die
404 3671 572 3734 offensiones,
623 3671 697 3719 attan

51 3739 210 3794 kraulrbaite
228 3741 414 3807 Abneigungeu
432 3752 516 3804 gegen
527 3737 573 3789 be-
658 3738 699 3787 20.
712 3736 806 3800 nisque
818 3736 963 3818 oppositae,
975 3731 1057 3785 loknl:
1072 3727 1137 3787 ‘die-

51 3809 169 3864 stlmmte
186 3807 276 3876 Dioge,
294 3808 336 3860 die
353 3822 400 3860 aus
418 3805 572 3872 (aegritudo
624 3819 670 3857 seu
692 3801 860 3870 gegeudber3
884 3804 1037 3886 contage-iao
1055 3803 1137 3870 quali·

51 3881 92 3944 u.)
108 3881 195 3929 matur
218 3876 403 3943 bervorgebon.
438 3873 511 3926 Nacb
528 3873 573 3926 der
624 3873 702 3924 tatis:
715 3863 979 3938 ζτηῑςτςοιιεαεεῑτῐ.

896 3953 933 4006 5*
