2542 4394
425 199 520 255 uuna
535 200 578 254 lv.
594 204 620 265 4,
629 203 653 256 8.
663 203 688 256 9.
707 205 731 267 5,
741 204 765 254 9.
1095 200 1135 260 59

146 372 203 434 Sed
219 373 358 435 defendat
373 375 451 453 quod
464 374 588 453 quisque
603 374 708 447 sentit;
723 382 794 435 sunt
809 373 888 434 enim
904 374 1010 435 iudicia
1025 374 1133 451 libera;
1152 379 1172 435 4

58 477 117 520 nos
146 457 313 520 institutum
340 459 509 523 tenebimus
530 457 678 537 nullisque
704 458 794 520 unius
822 458 995 539 disciplinae
1021 459 1136 538 legibus

59 543 208 616 adstricti,
224 543 332 622 quibus
347 545 378 606 in
393 544 578 625 philosophia
594 545 762 606 necessario
777 562 948 623 pareamus,
965 543 1036 624 quid
1051 545 1089 606 sit
1104 546 1134 606 in

59 647 179 708 quaque
202 647 234 690 re
255 631 382 690 maxime
404 630 558 710 probabile
579 648 696 709 semper
718 629 914 708 requiremus.
958 629 1045 701 Quod
1068 648 1136 690 eum

16 722 35 773 5
57 732 148 793 saepe
164 713 248 790 alias,
270 724 334 775 tum
358 734 456 794 nuper
476 716 506 776 in
523 714 692 777 Tusculano
713 714 844 776 studiose
867 715 990 794 egimus.
1032 716 1135 794 ltaque

59 799 201 879 expositis
222 800 312 861 tridui
332 800 580 880 disputationibus
602 809 725 879 quartus
749 800 812 862 dies
832 801 889 861 hoe
911 798 989 862 libro
1010 800 1134 862 conclu·

58 885 158 959 ditur3
181 893 215 946 ut
234 885 360 947 enimin
377 885 548 947 inferiorem
563 885 792 947 ambulationem
807 885 1032 961 descendimus,
1055 886 1133 965 quud
1190 950 1210 957 ‚³

56 971 223 1032 feceramus
237 971 314 1032 idem
329 971 533 1051 superioribus
547 970 661 1045 diebus,
675 980 740 1032 aeta
754 990 802 1032 res
817 979 862 1032 est
873 971 930 1032 sie:

145 1055 187 1116 Μ.
202 1056 303 1130 Dicat,
324 1056 349 1118 si
364 1055 431 1135 quis
452 1055 526 1129 vult,
548 1055 657 1134 quade
680 1074 713 1116 re
734 1056 878 1136 disputari
899 1055 976 1117 velit.
1005 1056 1039 1118 A.
1055 1056 1079 1116 N
1086 1075 1132 1118 on
1155 1067 1170 1117 8

10 1140 151 1207 lumihi
172 1140 323 1202 videtur
352 1142 450 1203 omni
473 1141 586 1202 animi
615 1141 909 1220 perturbatione
937 1160 1048 1222 posse
1076 1159 1134 1203 sa·

57 1226 169 1307 piens
189 1244 332 1289 vacare.
366 1226 408 1288 M.
424 1226 615 1306 Aegritudine
637 1226 755 1305 quidem
777 1228 914 1288 hesterna
935 1227 1134 1306 disputatione

57 1309 222 1386 videbatur,
235 1311 293 1374 nisi
304 1312 380 1374 forte
391 1312 532 1392 temporis
539 1329 626 1373 eausa
637 1311 725 1373 nobis
735 1311 948 1373 adsentiebare.
969 1311 1134 1373 nurnine

57 1413 146 1470 ver03
173 1415 241 1459 nam
256 1397 328 1458 mihi
349 1397 468 1477 egregie
489 1396 613 1476 probata
634 1405 679 1458 est
698 1397 792 1458 oratio
814 1406 873 1470 tua.
903 1397 945 1457 M.
961 1396 1028 1458 Non
1043 1398 1134 1477 igitur

59 1481 208 1544 existimas
229 1482 333 1544 eadere
359 1483 390 1544 in
415 1481 580 1562 sapientem
600 1480 837 1562 aegritudinem?
865 1482 899 1543 A.
920 1482 1045 1544 Prorsus
1071 1501 1133 1543 nou

10 1572 38 1629 111
59 1565 199 1628 arbitror.
234 1568 276 1629 Μ.
298 1568 403 1646 Atqui,
429 1568 453 1628 si
476 1567 530 1629 ista
550 1567 725 1648 perturbare
751 1568 882 1629 animum
908 1567 1050 1646 sapientis
1072 1587 1133 1628 uon

58 1661 167 1734 potest,
183 1653 262 1715 nulla
276 1652 394 1733 poterit.
424 1652 502 1724 Quid
513 1650 614 1714 enirnl
635 1662 771 1714 metusne
789 1650 969 1737 eonturbpt‘l
990 1661 1019 1715 at
1033 1671 1134 1714 earum

58 1757 161 1801 rerum
177 1747 221 1800 est
235 1737 401 1799 absentium
416 1747 529 1812 metus,
552 1756 677 1817 quarum
693 1738 895 1818 praesentium
910 1746 955 1799 est
969 1737 1132 1817 aegritudo.

59 1824 182 1886 Sublata
195 1824 286 1902 igitur
300 1823 484 1903 aegritudine
498 1822 631 1885 sublatus
646 1832 691 1885 est
701 1832 806 1885 metus.
836 1823 961 1884 Restant
975 1823 1049 1883 duae
1064 1839 1133 1902 per·

59 1908 257 1982 turbationes,
273 1909 381 1970 laetitia
396 1908 526 1987 gestiens
540 1918 570 1970 et
583 1908 690 1985 libido;
711 1927 787 1988 quae
802 1908 827 1970 si
842 1927 904 1969 non
920 1907 1026 1968 eadent
1040 1908 1071 1968 in
1087 1925 1134 1968 sa-

10 1998 41 2051 2⁰
58 1994 207 2077 pientem,
228 2013 347 2074 semper
367 2011 453 2055 mens
468 1994 523 2054 erit
545 1994 702 2073 tranquilla
718 1993 868 2074 sapientis.
897 1993 931 2054 Α.
947 1993 996 2055 Sie
1010 2011 1135 2073 prorsus
1155 2003 1170 2054 9

59 2080 212 2158 intellego.
242 2079 284 2141 M.
300 2079 404 2140 Utrum
420 2079 509 2157 igitur
523 2077 636 2141 mavis?
665 2079 803 2140 statimne
825 2098 880 2140 uos
899 2080 961 2139 vela
983 2079 1079 2140 faeere
1094 2097 1132 2139 an

60 2166 177 2246 quasie
196 2174 287 2245 portu
308 2164 486 2244 egredientis
506 2164 660 2244 paululum
680 2162 848 2244 remigare?
876 2165 910 2225 A.
926 2164 1073 2236 Quidnam
1088 2171 1133 2226 est

59 2248 159 2313 istuc?
186 2269 246 2311 non
263 2249 343 2311 enim
358 2249 507 2329 intellego.
538 2249 580 2310 M.
596 2249 671 2322 Quia
687 2250 869 2330 Chrysippus
890 2258 920 2310 et
935 2249 1041 2323 Stoici,
1064 2269 1133 2311 eum
1154 2256 1173 2311 5

27 2398 32 2409 ·
95 2390 118 2438 1.
142 2385 215 2450 quod
236 2387 349 2450 quiaque
370 2387 458 2434 rmtit.
494 2383 520 2435 S.
539 2399 572 2435 zu
623 2387 687 2435 stete
700 2384 765 2435 nach
780 2382 839 2435 dem
851 2383 952 2435 Beweis
965 2383 1006 2435 ihr
1018 2384 1074 2435 eine
1087 2385 1133 2435 all-

58 2453 77 2506 l.
90 2449 114 2518 2,
128 2456 144 2505 4
161 2452 213 2504 und
230 2453 283 2517 vgl.
301 2453 368 2516 lael.
386 2455 410 2515 9,
424 2454 470 2505 29:
488 2456 520 2502 ut
534 2453 588 2502 su·
622 2450 1047 2519 gemeineBehanptung‚umdiese
1054 2451 1133 2503 durch

54 2537 107 2588 por
130 2536 207 2586 quoin
229 2521 391 2587 adsequatur
414 2520 486 2584 quod
502 2522 572 2585 quie-
623 2519 946 2585 Widerlegungeinnelner
961 2525 1133 2585 entgegenge-

59 2589 261 2657 quadeeideret.
289 2589 323 2641 So
336 2586 570 2640 auehdaslndefin.
621 2592 716 2639 setzter
733 2587 873 2639 lronlueter
886 2585 956 2638 Faue
974 2602 1006 2637 zu
1023 2587 1133 2652 begnin-

59 2656 214 2777 1931113
226 2658 244 2709 ¹·
258 2660 281 2721 ⁴’
294 2662 322 2710 ⁷²
341 2658 373 2708 α’
387 2672 438 2722 ⁹¹⁴⁰
452 2658 511 2722 Μ’
523 2671 571 2706 ⁰²“
620 2654 788 2775 lituis?
798 2655 949 2776 513θῖ15.
957 2655 1133 2775 lilith

68 2832 71 2839 .
93 2796 117 2847 2.
130 2785 393 2845 imtitutum‘unsem
404 2782 569 2845 Grundsata’.
621 2739 864 2845 rhetoriseheglorm
880 2791 922 2843 ihr
938 2791 995 2844 eine
1013 2792 1132 2858 negative

35 2890 38 2897 ν
86 2862 229 2928 nullisque,
241 2861 292 2913 wie
304 2859 334 2912 V.
345 2862 386 2924 29,
399 2862 443 2912 82:
458 2865 482 2910 to
493 2859 569 2910 nulla
621 2858 844 2927 Behauptnng,=
857 2859 950 2925 Neque
966 2864 1045 2912 enim.
1073 2859 1132 2927 llgl.

57 2930 167 2982 uincula
195 2930 344 2996 impediunt
371 2928 454 2979 ullius
482 2932 588 2979 certae
621 2929 639 2980 l.
657 2931 699 2993 25,
711 2931 755 2989 6ος
775 2929 813 2982 lll.
831 2933 873 2992 21,
887 2932 928 2982 51.

56 3002 103 3065 (ε
119 3000 210 3063 unius)
228 2998 393 3063 discipliuae.
541 3040 544 3044 .
655 2998 696 3050 21.
708 2991 923 3063 intellego‘iusse
935 2995 988 3055 ani,
1005 2996 1066 3048 sehe
1077 2988 1132 3060 an',

91 3070 117 3119 4.
130 3069 304 3133 requiremus,
321 3065 419 3117 stairlrer
435 3064 473 3116 als
491 3080 570 3130 quoe-
622 3064 674 3131 vgl.
686 3064 718 3117 de
731 3082 767 3119 or.
778 3067 796 3120 1.
809 3070 850 3131 47,
860 3068 922 3119 206:
935 3064 1002 3130 quid
1012 3069 1043 3114 tu
1053 3066 1134 3115 iutel-

56 3151 155 3199 remur,
173 3150 194 3187 a.
211 3135 236 3186 d.
254 3134 313 3186 lrrit.
331 3134 396 3184 Aah.
621 3133 702 3199 legas,
720 3138 874 3193 ammomum
894 3133 965 3185 ebds.
977 3132 1005 3184 ll.
1020 3135 1060 3196 14,
1073 3135 1131 3185 298.

92 3206 118 3256 6.
136 3203 306 3255 eonoluditur
323 3225 356 3245 =
371 3200 570 3267 comprehendi·
654 3204 714 3274 polu
736 3202 827 3264 faeere
850 3203 890 3254 hir
906 3200 1030 3266 puudm
1051 3205 1086 3262 (5,
1105 3203 1131 3265 9)

56 3276 105 3324 tur
123 3271 163 3324 od.
182 3275 344 3324 continetur.
620 3271 766 3331 ist'seltem
785 3272 811 3322 in
824 3270 895 3323 Verr.
907 3269 939 3320 V.
956 3270 997 3331 34,
1011 3269 1054 3321 88:
1073 3270 1131 3318 vela

94 3343 119 3392 l.
136 3343 166 3390 iu
187 3339 343 3403 inferiorem
361 3339 569 3390 ambulationem
620 3339 883 3405 fieri-imperavit.

53 3433 92 3456 .-
103 3410 134 3458 iu
150 3409 336 3470 Academiam
355 3423 375 3460 s.
395 3421 427 3459 zu
444 3405 471 3458 11.
485 3407 509 3469 3,
522 3407 546 3456 9.
656 3409 696 3460 23.
710 3407 875 3474 Chrysippus
887 3412 914 3458 et
924 3407 1011 3459 Stoici
1023 3400 1092 3456 ‘Cha
1105 3421 1130 3455 u.

94 3478 135 3531 12.
154 3481 279 3543 temporie
297 3491 379 3529 eausa
396 3478 440 3539 (=
458 3476 571 3540 tempori
621 3475 663 3528 die
673 3474 775 3528 Stoilrer
783 3467 949 3542 uberhaupt'.
973 3475 1008 3527 So
1015 3474 1044 3525 V.
1054 3475 1130 3537 4,19;

52 3535 570 3613 oedenrl‘imDrangedeshugenblielrs'.
603 3545 737 3595 ‘uriarum
754 3544 961 3611 magnitudines,
978 3542 1132 3605 interualla,

53 3613 364 3681 vgt.hcad.11.35‚113:
377 3629 425 3663 nee
434 3612 494 3663 dieo
507 3614 570 3660 tem-
621 3629 715 3664 eurrm
726 3617 753 3662 et
768 3617 865 3664 cuneta
884 3612 1019 3672 coelestim
1037 3611 1069 3662 de
1081 3610 1131 3675 leg.

50 3685 134 3752 poris
151 3699 244 3746 eausa,
263 3681 461 3746 aeditumum
475 3682 569 3745 prodo.
619 3681 637 3733 1.
656 3683 701 3746 21,
721 3684 765 3733 55:
793 3680 870 3732 ualde
895 3698 911 3731 a
934 3679 1084 3732 Xeuoorute
1106 3682 1133 3728 at

94 3753 135 3804 14.
147 3748 569 3816 aegritudo-mehu-laeta'tia
619 3750 763 3808 Aristotele
778 3754 805 3800 et
816 3752 849 3800 ab
860 3749 909 3816 illu
921 3750 1041 3800 Platonis
1051 3746 1132 3810 sumi·

47 3821 216 3887 goutteu-
226 3820 321 3880 libido;
339 3834 360 3870 s.
372 3817 410 3870 lll.
425 3820 465 3882 11,
477 3819 519 3881 24,
529 3818 569 3867 25.
621 3818 659 3869 liu
670 3818 844 3884 discreparet.
871 3817 940 3870 Uber
951 3817 1008 3869 Ghr.
1027 3833 1048 3870 s.
1059 3817 1077 3868 l.
1090 3820 1132 3884 45,

93 3888 134 3942 13.
145 3886 311 3951 Quidmim?
326 3877 494 3939 ‘Dennwiet'
504 3884 570 3950 iragt
622 3888 679 3939 108.
