2550 4410
120 158 160 217 26
497 156 591 210 utttttt
607 156 645 210 ΙΙΙ.
665 158 706 222 11,
716 158 758 211 36.
769 158 813 211 37.

206 330 293 392 lulrcs
308 350 355 392 me
369 330 447 392 bona
460 332 599 409 cogitare,
616 329 747 391 oblivisci
759 330 924 392 malorum.
949 332 1079 396 Dicercs
1092 334 1191 415 siquid,

87 464 102 517 ἶ
120 426 150 477 et
172 434 280 495 magno
296 416 414 496 (peridem
438 416 613 496 philosopho
628 416 768 494 dignum,
791 416 817 477 ai
832 434 870 476 ea
888 416 975 478 bona
993 436 1063 481 esse
1076 420 1193 490 sentiret,

67 544 98 595 30
119 521 193 579 «petae
209 510 309 562 essent
324 501 443 561 lromine
458 500 637 578 dignissima.
672 500 853 579 Pythagoras
877 502 958 563 milri
982 504 1011 565 si
1030 502 1141 567 diceret
1157 513 1195 565 aut

120 588 257 647 Socrates
279 595 328 646 aut
353 586 448 645 l’lato:
468 576 565 656 ‘Quid
589 586 666 646 iaces
682 594 734 645 aut
754 584 825 663 quid
847 603 977 649 maeres
1001 598 1058 651 aut
1078 608 1195 651 cursua-

120 672 236 731 cumbis
250 671 389 748 cedisque
402 668 560 731 fortunae?
576 688 652 749 utrae
662 668 825 749 pervellere
836 678 869 731 tc
885 672 1024 735 forsitan
1037 674 1164 754 potuerit
1174 682 1218 737 etl

120 774 264 835 pungere,
281 774 342 815 non
359 755 456 833 potuit
470 765 551 815 certe
567 754 636 815 riris
647 756 793 834 frangere.
824 754 937 835 llagna
954 758 1004 819 ris
1014 768 1064 821 cst
1075 759 1105 821 in
1121 758 1198 821 virtu·

120 841 214 912 tilrus;
231 859 279 901 eas
294 840 396 912 excita,
412 840 436 900 si
449 840 524 900 forte
537 839 699 900 dormiunt.
725 838 785 900 lam
800 838 854 899 tibi
870 840 975 903 aderit
987 844 1137 925 princeps
1148 846 1198 905 tor·

119 926 228 995 titudo,
250 943 325 1004 <pirae
340 934 369 984 te
384 925 482 984 animo
497 932 581 985 tanto
597 943 661 985 esse
676 932 778 1003 coget,
798 932 833 984 ut
847 926 973 998 omnia,
1001 946 1085 1007 quac
1099 930 1199 1009 possint
1239 981 1241 996 ,

120 1011 232 1070 lromini
255 1010 389 1078 evenire,
411 1018 585 1070 contemnas
605 1019 635 1070 et
654 1028 709 1089 pro
731 1008 823 1069 nihilo
842 1018 950 1089 putes,
973 1013 1080 1075 aderit
1099 1025 1198 1095 tcmpt-
1239 1005 1241 1053 l

120 1096 227 1164 cantia,
251 1112 324 1171 «puae
340 1102 384 1154 est
399 1094 499 1154 eadem
516 1094 695 1164 moderatio,
713 1113 730 1154 a
751 1111 797 1154 me
812 1093 937 1172 quidem
952 1098 1056 1175 paulo
1077 1108 1146 1161 ante
1158 1106 1229 1179 apl

121 1180 224 1258 pellata
237 1178 395 1257 frugalitas,
408 1198 483 1257 quae
495 1188 525 1239 te
535 1179 664 1258 turpiter
674 1188 705 1240 et
715 1178 852 1256 nequiter
862 1178 968 1241 facere
980 1182 1066 1245 nihil
1075 1186 1199 1265 patietur.

120 1263 195 1334 Quid
213 1272 257 1322 est
271 1273 368 1324 nutem
385 1264 512 1341 nequius
525 1273 576 1323 aut
589 1264 707 1342 turpius
727 1262 897 1325 effeminato
914 1264 1012 1327 viro?
1044 1268 1092 1331 Ne
1106 1268 1200 1331 insutis

120 1348 237 1425 quidum
261 1348 339 1409 sinet
361 1357 389 1407 te
411 1348 464 1409 ista
489 1350 601 1421 fucere,
624 1349 672 1409 cui
696 1348 850 1409 minimum
866 1366 937 1411 esse
960 1351 1091 1415 ridetur
1111 1355 1142 1415 in
1156 1355 1200 1415 luc

120 1451 205 1493 causa
222 1432 288 1503 loci,
304 1451 378 1510 (pirae
394 1443 492 1493 tamen
508 1434 547 1493 ita
563 1433 640 1495 dicct
655 1432 811 1513 dupliciter
828 1451 894 1493 esse
909 1442 942 1495 te
958 1434 1128 1515 iniustum,
1143 1456 1201 1501 curn

119 1526 149 1578 et
163 1517 291 1577 alienum
307 1528 436 1596 appetas,
452 1519 502 1597 qui
518 1518 650 1579 mortalis
666 1526 753 1579 natus
766 1517 981 1579 condicionem
1000 1525 1142 1600 postules
1156 1524 1234 1585 in-tt

119 1602 302 1674 mortalium,
323 1612 352 1662 et
367 1604 494 1681 graviter
508 1605 584 1664 feras
599 1611 644 1675 te,
661 1603 740 1682 quod
755 1602 897 1662 utendum
918 1609 1098 1685 acceperis,
1113 1608 1201 1671 reddi

66 1697 95 1747 tt
119 1688 204 1749 disse.
234 1688 412 1749 Prudentiae
432 1688 587 1766 veroquid
612 1687 807 1767 respondebis
827 1687 952 1748 ducenti
973 1691 1127 1755 virtutem
1146 1712 1203 1757 sete

119 1792 183 1834 esse
196 1782 377 1845 contentam,
393 1792 453 1852 quo
465 1772 553 1834 modo
566 1772 600 1832 ad
613 1772 690 1834 hene
703 1772 866 1845 vivendum,
881 1771 927 1833 sic
940 1775 1039 1837 etiam
1052 1778 1093 1839 ad
1103 1774 1202 1842 beata?

118 1857 199 1928 Qrtae
215 1859 238 1918 sl
261 1858 444 1919 extrinsecus
465 1858 586 1936 religata
607 1857 734 1936 pendeat
754 1866 784 1918 et
804 1875 866 1917 non
886 1864 917 1917 et
938 1858 1067 1924 oriatur
1088 1882 1106 1925 a
1127 1883 1160 1927 sc
1178 1872 1203 1925 et

117 1960 221 2004 rursus
234 1942 270 2002 ad
286 1962 317 2003 se
333 1952 498 2003 revertatur
513 1953 543 2003 et
557 1943 655 2002 omnia
670 1960 724 2003 sna
745 1941 895 2020 complexa
911 1942 991 2004 nihil
1010 1958 1143 2025 quraerat
1155 1949 1235 2011 ali-tt

117 2029 212 2099 unde,
230 2045 289 2086 non
310 2027 449 2105 intellego
466 2046 520 2087 cur
535 2034 584 2087 aut
598 2026 696 2088 verbis
710 2034 770 2087 tarn
784 2026 981 2089 vehementer
996 2036 1145 2095 ornanda
1158 2043 1202 2095 aut

116 2128 149 2169 re
165 2117 247 2169 tanto
264 2128 353 2188 opere
368 2112 532 2189 expetenda
545 2101 693 2173 videatur.’
719 2111 847 2171 adhaec
861 2110 942 2171 bona
958 2130 1011 2175 me
1029 2117 1059 2177 si
1075 2136 1200 2190 revocas,

117 2193 259 2271 Epicure,
275 2212 380 2272 pareo,
397 2214 516 2273 sequor,
534 2205 602 2256 utor
617 2205 647 2257 tc
662 2196 726 2276 ipso
741 2195 833 2268 duce,
850 2194 1014 2259 obliviscor
1032 2202 1129 2265 etiarn
1143 2222 1200 2265 ma.

152 2313 173 2361 1.
192 2309 304 2374 aliquid,
322 2326 342 2361 s.
360 2325 392 2362 zu
409 2311 426 2364 l.
446 2314 487 2375 20,
500 2315 541 2364 45.
677 2312 751 2364 einen
769 2310 892 2377 Vorrang.

150 2379 173 2429 3.
192 2394 260 2443 patae
278 2385 368 2442 essent,
386 2379 548 2445 vgt.1.5‚9:
568 2383 625 2446 qui·
712 2382 752 2432 10.
775 2396 792 2429 a
811 2394 853 2429 ma
872 2378 990 2443 amdam.
1031 2384 1127 2439 Cicero
1149 2402 1200 2439 ver·

115 2449 163 2497 bers
180 2447 346 2498 auertendum
363 2452 438 2501 asset.
677 2448 751 2514 gifst,
773 2446 828 2497 dafs
845 2461 873 2498 er
889 2446 939 2498 den
958 2446 1135 2519 Pythagoras
1155 2458 1199 2507 oet.

149 2516 501 2582 Pythagoras-sidfcerat.
528 2513 625 2567 llaalle
677 2514 801 2580 sprechen
819 2513 887 2565 lifet.

116 2582 318 2649 nacnfolgenden
329 2584 404 2637 Sitze
415 2583 625 2648 das0bjelrtron
709 2582 793 2648 paulo
811 2587 881 2645 unte,
898 2580 978 2635 niml.
996 2586 1024 2649 8,
1047 2590 1091 2641 16.

114 2655 139 2699 st·
151 2651 251 2700 diceret
265 2651 360 2715 bilden,
374 2668 403 2703 so
414 2652 496 2703 reicht
509 2652 553 2703 der
563 2650 626 2701 Vcr·
714 2652 754 2704 tu.
767 2650 840 2715 quod
849 2649 979 2701 utendum
988 2660 1141 2722 acceperis,
1150 2656 1197 2707 wie

114 2716 214 2767 dersatz
232 2718 270 2768 bis
284 2719 299 2782 ξ
311 2722 355 2771 37:
373 2720 519 2784 expetenda
537 2719 626 2769 uidea—
677 2716 1120 2785 oben7,15:munurtnngondum.
1137 2724 1196 2777 Zunt

115 2788 174 2841 turn
193 2799 245 2833 nun
263 2785 339 2836 sollte
356 2785 401 2835 der
413 2785 539 2838 Naclrsalz
558 2786 624 2838 sein:
677 2785 759 2837 lnhalt
776 2784 828 2851 vgl.
846 2784 864 2836 l.
881 2786 923 2847 39,
941 2788 985 2839 93.

112 2866 237 2917 parerem
255 2856 281 2900 et
296 2868 431 2916 sequerer,
453 2859 515 2905 stall
533 2854 626 2905 dessen
713 2855 752 2907 18.
762 2856 838 2905 bena:
850 2851 1195 2926 richliwernunllgetttifs,

116 2916 196 2968 bildet
208 2917 304 2982 Cicero,
320 2918 368 2970 den
382 2919 401 2968 E
420 2919 477 2972 llrur
489 2920 625 2983 anredend,
677 2921 729 2987 rgl.
748 2920 778 2972 V.
797 2923 875 2983 5,12.

115 2990 167 3036 crst
193 2986 267 3036 einen
295 3001 376 3038 neuen
402 2936 567 3040 londersele:
591 2989 628 3039 ad
711 2991 792 3040 etiam
814 2987 865 3052 (od.
883 2994 999 3055 quoque)
1016 2990 1081 3043 tlarf
1097 2994 1133 3045 im
1149 2993 1195 3047 lle·

115 3056 179 3103 daec
197 3056 266 3104 bona
284 3070 325 3104 ane
341 3056 367 3103 af
383 3071 505 3119 reuocat,
525 3071 557 3105 an
576 3055 626 3106 den
678 3056 901 3109 monstrativsatze
914 3057 987 3109 einer
1000 3056 1195 3128 Vergleiclruap

114 3122 168 3174 siclt
189 3137 239 3173 nun
253 3121 298 3173 der
309 3121 437 3174 Nachsatz
455 3126 546 3189 (purae
565 3126 624 3188 cet.)
677 3140 724 3176 nur
741 3124 809 3176 daun
827 3124 960 3176 hinterrt'c
978 3124 1022 3178 orl.
1033 3130 1080 3179 ita
1098 3130 1194 3191 stelren,

113 3189 271 3243 anschliefst.
678 3208 752 3244 wenn
776 3190 851 3244 beide
874 3190 950 3243 Silae
972 3192 1100 3249 daaaelbe
1123 3196 1194 3262 Subj.

150 3263 172 3312 5.
188 3262 315 3324 putauerit,
333 3258 378 3311 der
400 3258 559 3323 Konjuulrtiv
571 3259 622 3310 wie
677 3260 759 3311 lrahen
777 3259 829 3311 und
846 3259 903 3311 eine
921 3258 1084 3331 Steigerung
1101 3266 1193 3333 (ungar)

115 3327 204 3377 immet
222 3326 246 3376 in
260 3325 427 3393 Verbindung
439 3328 484 3377 mit
496 3325 621 3387 forsitan.
675 3327 826 3380 bezeichnet
844 3326 948 3378 werden
965 3328 1026 3381 soll.

114 3383 240 3461 llbrigens
263 3394 298 3445 ist
319 3394 362 3446 der
381 3395 513 3447 Gebrauclr
539 3395 622 3446 dieses
710 3398 749 3448 19.
766 3399 792 3444 rr·
806 3424 841 3434 -
852 3387 1077 3461 pandaat‘nenn
1101 3401 1140 3453 ale
1163 3414 1193 3451 an

115 3461 216 3514 Wortes
239 3463 264 3513 in
283 3464 367 3516 ciuem
385 3462 546 3515 Ncbensatzc
564 3464 623 3514 sehr
673 3461 1193 3530 Aufsendingegelrndpllundvonilmen

115 3530 205 3583 selteu.
674 3531 804 3596 ablingig
821 3524 910 3583 ware'.

148 3602 172 3649 t.
187 3601 314 3664 princeps
331 3613 381 3651 von
401 3598 444 3650 der
456 3597 624 3663 Relhenfolge
709 3603 735 3648 et
751 3614 816 3664 non,
832 3614 853 3650 s.
871 3613 904 3649 nu
919 3597 938 3652 l.
955 3600 1036 3662 ’1,13.

114 3664 1194 3789 mfflmfflfflmmmfflm

110 3746 238 3863 1)νίἑοῖρὲ
250 3748 348 3864 {genuf
357 3750 406 3852 liele
424 3772 538 3853 o'maltt.
553 3771 559 3783 ὓ
572 3750 625 3852 llll
677 3749 952 3852 uoczcz'buloeerranlia.
976 3771 983 3783 ὑ
1029 3752 1066 3787 on
1084 3754 1133 3803 η’

114 3866 160 3917 mil
180 3881 233 3915 arse
251 3868 400 3919 verbunden
423 3868 574 3919 bezeichnel
598 3883 626 3920 es
712 3871 753 3923 23.
778 3870 911 3921 matonam
924 3897 958 3909 -
972 3872 1002 3919 a‘n
1028 3870 1128 3938 malr'a,
1154 3872 1195 3925 ein
