2550 4410
502 197 597 250 LIBER
614 197 657 251 lV.
676 200 717 262 16,
728 201 770 252 36.
1129 199 1169 258 75

90 376 174 448 agat,
198 375 230 429 ut
245 368 308 444 ibe,
329 368 381 448 qui
404 369 579 450 voluptatem
594 374 690 432 animi
709 375 831 432 nimiam
851 391 997 434 summum
1017 392 1073 435 esee
1088 393 1172 436 eruo-

88 472 153 515 rem
173 453 341 515 arbitratur.
382 454 495 516 Eorum
521 455 611 535 igitur
637 456 782 517 malornm
808 457 838 517 in
861 475 921 517 una
946 458 1053 519 virtute
1075 461 1169 538 posita

88 539 204 600 sanatio
219 547 272 600 est.

186 623 263 695 Ouid
279 633 377 685 autem
392 632 438 686 est
458 644 520 685 non
541 625 677 686 miserius
697 626 810 699 solum,
831 625 881 687 sed
903 626 1018 687 foedius
1039 627 1126 686 etiarn
1141 637 1171 688 et
1187 636 1223 691 13

46 719 65 770 b
87 708 251 770 deformius
267 728 356 788 quam
371 710 556 786 aegritudine
579 710 645 789 quis
667 710 818 786 adllictus,
841 710 1023 785 debilitatus,
1048 710 1170 774 iaoensl

88 793 144 854 Cui
158 793 294 856 miseriae
307 808 471 875 proxumus
487 795 580 869 estis,
598 795 648 874 qui
664 797 909 876 appropinquans
924 796 1042 875 aliquod
1058 798 1168 858 malum

86 880 196 940 metuit
210 880 453 959 exanimatusque
467 882 579 960 pendet
594 880 694 941 animi.
725 879 820 951 Onam
834 882 892 941 vim
907 882 976 942 mab
998 882 1169 960 significan·

86 972 133 1024 tes
148 974 253 1044 poetae
267 965 441 1044 impendere
456 966 535 1046 apud
550 966 663 1026 inferos
679 985 782 1027 saxum
797 967 921 1027 Tantalo
936 967 1049 1027 faciunt

180 1047 235 1110 'Ob
246 1051 352 1112 seelera
363 1055 508 1131 animique
522 1055 710 1130 inpotentiam
725 1052 751 1112 e't
765 1051 1067 1133 superbiloquentiam.

32 1141 66 1195 m
85 1132 130 1194 Ea
146 1135 313 1197 communis
328 1153 426 1214 poena
441 1135 582 1197 stultitiae
597 1144 658 1210 est;
678 1135 817 1198 omnibus
832 1137 922 1211 enim,
937 1156 1066 1216 quorum
1081 1157 1168 1200 mens

85 1219 259 1281 abhorrete
274 1221 406 1293 ratione,
430 1239 550 1300 semper
564 1221 654 1299 aliqui
677 1222 743 1282 talis
762 1230 859 1282 terror
879 1222 1041 1302 impendet.
1071 1223 1168 1302 Atque
1190 1236 1219 1286 te

85 1312 120 1364 ut
134 1303 208 1366 haec
223 1303 358 1367 tabificae
373 1306 482 1367 mentis
496 1306 738 1385 perturbationes
760 1315 847 1382 sunt,
870 1308 1083 1386 aegritudinem
1101 1309 1167 1370 dico

85 1397 264 1465 etinctum,
291 1391 334 1453 sic
355 1391 509 1452 hilariores
535 1391 617 1465 illae,
644 1392 789 1470 cupiditas
813 1392 896 1452 avide
916 1411 1035 1472 semper
1056 1394 1167 1473 aliquid

85 1484 230 1553 expetens
245 1484 274 1536 et
289 1477 387 1538 inanis
401 1476 549 1550 alacritas,
566 1476 595 1537 id
611 1485 656 1537 est
670 1477 780 1537 laetitia
795 1478 941 1556 gestiens,
964 1497 1025 1539 non
1040 1479 1167 1540 multum

32 1564 61 1620 te
84 1559 227 1622 differunt
248 1560 284 1621 ab
305 1562 443 1622 amentia.
478 1561 522 1621 Ex
544 1580 604 1640 qun
626 1561 808 1640 intellegitur
829 1562 923 1640 qualis
937 1562 986 1623 ille
1001 1563 1054 1637 sit,
1078 1583 1166 1642 quem

82 1652 148 1705 tum
162 1647 363 1722 moderatum,
385 1646 455 1707 abas
469 1646 650 1720 modestum,
673 1655 737 1707 tum
751 1655 983 1726 temperantem,
1006 1647 1076 1709 alias
1092 1668 1165 1709 con-

82 1738 212 1791 stantem
234 1732 498 1811 continentemque
520 1731 659 1808 dicimus;
692 1751 755 1792 non
777 1750 941 1810 numquam
967 1732 1039 1793 baec
1062 1733 1164 1793 eadem

81 1815 225 1877 vocabula
240 1817 275 1877 ad
290 1816 466 1896 frugalitatis
487 1835 598 1877 nornen
614 1825 764 1896 tamquam
787 1816 823 1877 ad
845 1827 934 1895 caput
954 1818 1066 1878 referre
1081 1818 1165 1878 volu-

80 1917 158 1962 mus.
197 1901 284 1972 Quod
305 1902 363 1964 nisi
384 1921 419 1963 eo
442 1902 564 1965 nomine
585 1902 708 1964 virtutes
729 1902 973 1975 continerentur,
1002 1920 1163 1982 numquam

32 1993 58 2046 lu
79 1985 121 2045 ita
142 1987 347 2066 pervolgatum
368 1987 441 2048 illud
462 1995 554 2062 esset,
581 1988 693 2048 utiam
713 1987 863 2068 proverbii
884 1987 983 2047 locum
1006 1988 1163 2060 obtineret,

77 2121 124 2172 ani
141 2121 191 2173 den
203 2120 265 2173 Vere
280 2121 326 2173 des
339 2120 473 2174 llomihers
492 2120 521 2181 0.
534 2119 596 2173 Tra·
646 2138 737 2174 merus
748 2123 875 2176 Lairtam
889 2124 1053 2174 colentem
1066 2139 1164 2189 agrum

76 2190 136 2255 bea,
154 2189 186 2240 de
197 2187 313 2253 lin.ll.4,
326 2192 370 2243 13:
387 2188 475 2241 Tinta
489 2190 595 2241 taetitia
647 2190 728 2252 facit;
743 2195 823 2243 nnten
835 2190 865 2245 V.
879 2195 919 2254 39,
934 2195 995 2244 115:
1009 2208 1068 2243 cum
1078 2194 1162 2244 ariete

78 2256 176 2308 auctus
192 2273 259 2322 sum,
276 2257 396 2308 utnitu'l
411 2258 514 2308 cinetet
530 2287 572 2308 -.
647 2261 915 2326 conloquentem
950 2259 1020 2320 facit
1054 2263 1163 2327 eiusque

116 2328 137 2379 1.
150 2330 182 2375 ut
193 2325 247 2389 ille,
259 2325 312 2391 vgl.
325 2325 342 2377 1.
356 2327 397 2389 26,
407 2329 497 2379 omae
508 2326 594 2377 Plato.
647 2328 789 2378 laudare
823 2328 958 2387 fortunae.
981 2357 1015 2366 —
1036 2317 1162 2394 flbrigens

112 2394 482 2458 uoluptatem-arbitratur.
501 2393 594 2445 Diesen
647 2394 711 2445 wird
729 2395 830 2446 sowohl
851 2396 896 2447 des
914 2394 1038 2447 Tantalus
1056 2396 1162 2458 Schuld,

78 2461 144 2513 Vere
161 2460 208 2513 des
225 2460 324 2513 Trabea
342 2462 387 2513 hat
400 2461 511 2530 Bentley
528 2460 593 2513 nach
645 2463 697 2513 wie
714 2463 756 2514 die
769 2463 815 2514 Art
834 2464 917 2514 seiner
932 2462 1016 2514 Strale
1033 2462 1161 2514 verschie-

75 2543 184 2582 unscrer
201 2528 281 2581 Stelle
297 2530 349 2581 und
362 2530 393 2581 ad
412 2529 472 2581 iam.
489 2530 517 2581 ll.
536 2530 594 2591 9‚2
646 2530 696 2582 den
721 2530 880 2595 angegeben.
922 2531 949 2580 ln
975 2531 1093 2582 letzterer
1113 2529 1162 2581 Re-

77 2597 117 2650 als
139 2597 220 2650 trech
240 2596 344 2663 Septen.
366 2613 396 2649 so
415 2598 512 2650 wieder
538 2596 595 2648 ber·
646 2597 757 2663 ziehung
774 2597 827 2663 vgl.
844 2597 863 2649 l.
881 2601 905 2662 5,
925 2600 965 2651 10.

77 2664 195 2730 gestellt:
224 2659 289 2730 'Ego
319 2666 482 2732 uoluptatem
509 2664 596 2716 «inimi
681 2668 705 2718 9.
726 2667 762 2717 Ob
780 2666 880 2716 scelera
901 2672 950 2717 cet.
991 2665 1041 2716 Der
1058 2663 1161 2717 Dichter

75 2735 191 2784 nimiam
202 2732 335 2785 summum
346 2751 401 2785 esee
412 2750 531 2785 amorem
549 2731 595 2783 cir·
646 2734 681 2785 ist
699 2733 856 2785 unbekannt.

77 2804 172 2855 bitror.
201 2794 472 2868 Error‘Verirrung‘.
680 2802 965 2868 superbiloquentiam,
1012 2797 1161 2854 ἀκόλαστος

112 2872 136 2921 5.
161 2872 252 2920 iacens
275 2863 317 2922 ‘zu
340 2869 429 2922 Boden
447 2865 595 2936 gestreckt’,
665 2866 759 2922 λῶσσα
777 2869 872 2936 (Enrip.
892 2869 974 2924 Orest.
995 2874 1045 2935 10),
1066 2886 1099 2922 an
1116 2871 1161 2923 den

76 2939 129 2990 wie
146 2936 174 2989 11.
194 2939 235 3000 13,
252 2940 294 2990 32.
646 2888 720 2990 13161
744 2938 789 2990 der
807 2937 902 2992 thter.
930 2938 1011 3004 (Naeh
1034 2939 1159 2991 anderen:

113 3008 137 3057 t.
153 3007 252 3071 pendet
268 3008 362 3059 animi.
405 3004 439 3057 So
458 3004 490 3056 de
508 3005 558 3070 leg.
576 3005 593 3056 l.
647 3006 693 3058 das
711 3005 866 3059 Seblachten
889 3008 974 3059 seines
995 3006 1095 3059 Sohnes
1113 3005 1161 3059 Pe-

76 3075 103 3137 3,
113 3075 143 3126 9:
154 3089 204 3139 ego
211 3077 296 3125 animi
302 3074 504 3140 pendereeolco.
523 3071 594 3125 Doch
645 3074 712 3141 laps,
730 3075 772 3127 die
790 3075 969 3140 Entwendung
985 3090 1038 3126 von
1053 3075 1161 3125 Ambro-

75 3142 111 3193 ist
123 3145 210 3192 animi
220 3142 291 3193 nicht
303 3141 341 3193 als
354 3141 471 3206 Genetiv,
483 3141 594 3193 sondern

77 3209 116 3262 als
134 3209 244 3261 Lohatir
260 3209 417 3269 anzuseben;
436 3208 487 3261 nl.
506 3211 548 3275 22,
560 3212 591 3263 51

645 3143 683 3194 sia
706 3142 759 3195 und
781 3142 878 3195 Nektar
901 3143 941 3195 ldr
963 3143 1056 3196 endere
1074 3141 1162 3194 Sterb·

645 3211 721 3277 liche,
739 3228 764 3265 u.
782 3212 844 3277 dgl.)

76 3293 109 3329 zu
122 3278 223 3328 domui.
252 3277 289 3329 lm
300 3277 369 3331 Plur.
382 3277 447 3328 wird
462 3277 537 3329 doliu
549 3277 594 3329 der

75 3345 136 3398 Abl.
154 3348 254 3397 animis
271 3350 382 3411 gesetzt3
406 3362 435 3398 so
452 3345 471 3397 l.
490 3348 531 3408 40,
550 3347 592 3400 96.

112 3416 136 3467 8.
154 3412 473 3480 impendere-faciunt.
508 3413 535 3465 ln
547 3413 593 3467 der

76 3482 186 3535 Redeut.
200 3475 254 3534 ‘ich
276 3482 345 3535 lasse
363 3483 400 3548 (in
418 3483 515 3534 melnen
532 3480 593 3532 llar-

76 3550 201 3615 stellung)
226 3551 301 3602 einen
325 3556 406 3603 etwas
429 3544 500 3601 thun’
527 3549 593 3600 wind

75 3617 152 3680 sacia
166 3618 302 3671 biswcilen
314 3619 381 3671 auch
398 3619 445 3670 mit
461 3619 519 3670 dem
531 3619 593 3670 Ace.

76 3702 99 3740 c.
117 3684 201 3749 infin,
221 3686 385 3752 gewbhnlieh
402 3687 464 3738 aber
480 3686 533 3737 und
550 3701 595 3737 na·

76 3754 211 3819 mendich,
230 3770 305 3807 wenn
323 3755 369 3807 des
382 3753 439 3819 Obj.
457 3754 514 3806 eine
532 3755 594 3806 han-

75 3822 172 3875 delnde
184 3820 281 3874 Person
299 3825 343 3887 ist,
360 3823 407 3874 mit
424 3822 482 3875 dem
500 3822 593 3875 Partic.

76 3890 235 3944 verbunden.
248 3890 307 3958 Vgl.
317 3892 371 3943 Cat
381 3889 416 3944 hl.
431 3894 470 3957 15,
482 3893 528 3944 54:
540 3891 592 3942 Ho-

681 3282 720 3333 11.
732 3280 856 3345 aliqui-
864 3284 961 3344 terror,
973 3279 1024 3330 wie
1035 3278 1053 3330 l.
1065 3281 1105 3342 11,
1116 3281 1158 3332 23.

680 3350 719 3399 12.
738 3350 811 3412 baec,
829 3362 850 3398 e.
868 3364 900 3399 zu
917 3347 955 3399 lll.
973 3349 1015 3412 34,
1033 3348 1075 3399 84.

681 3419 720 3467 14.
744 3416 774 3465 id
795 3420 841 3480 eet,
863 3430 883 3467 e.
907 3432 940 3468 zu
961 3414 1000 3466 111.
1023 3417 1063 3478 27,
1083 3417 1124 3468 65.

679 3486 719 3536 18.
738 3488 876 3549 tamquam
887 3484 930 3549 ad,
949 3499 969 3536 s.
982 3499 1014 3534 au
1026 3484 1043 3534 l.
1058 3486 1097 3548 ll,
1111 3486 1157 3535 24:

644 3554 735 3617 quasi,
753 3557 835 3619 caput
850 3546 1060 3619 ‘llanptbegrill'.

680 3623 720 3673 19.
738 3621 817 3684 Quod
830 3621 902 3672 client
912 3637 960 3672 nur
978 3634 1022 3671 zur
1034 3619 1158 3686 Anhnhp-

644 3687 708 3753 long
720 3703 752 3740 an
765 3688 811 3740 das
826 3687 1050 3754 Vorhergehende;
1068 3705 1099 3740 eo
1110 3705 1158 3741 no-

643 3759 715 3805 mine
731 3759 844 3807 virtuter
860 3761 939 3822 cont,
950 3755 1003 3822 vgl.
1015 3756 1054 3808 111.
1067 3759 1091 3821 8,
1111 3761 1156 3811 16:

643 3826 731 3874 omnis
739 3827 809 3875 enim
818 3827 987 3888 abstinentia,
996 3853 1031 3863 -
1038 3826 1158 3893 retiquae

643 3894 726 3943 etiam
740 3895 854 3944 uirtutes
868 3891 1017 3960 frugalitas
1031 3897 1156 3948 continet.
