2550 4410
474 181 569 235 cluna
585 181 624 236 ut
643 184 735 249 anat.
1094 183 1135 242 49

10 408 24 449 Ε
60 356 141 417 illam
164 356 336 435 opinionem
358 355 517 430 maerenti,
541 355 564 417 si
587 375 618 417 se
642 356 740 417 officio
755 356 839 435 fungi
854 366 938 436 putet
953 357 1031 419 iusto
1046 367 1134 438 atque

14 496 25 529 r
60 441 170 502 debito.
202 441 279 502 Sunt
299 439 386 501 etiam
402 441 452 520 qui
475 442 547 502 baec
563 441 661 502 omnia
676 460 785 521 genera
800 442 974 503 consolandi
995 442 1136 523 colligant

13 528 19 538 '
61 527 192 587 —alius
207 527 287 587 enim
302 525 359 586 alio
371 525 460 587 modo
475 534 609 588 movetur
620 561 672 599 -,
686 536 720 586 ut
735 528 796 588 sere
811 547 867 589 nos
881 527 911 587 in
926 527 1135 590 Consolatione

10 650 22 689 ‚3
62 613 164 672 omnia
180 612 210 672 in
226 610 460 673 consolationem
476 630 567 672 unam
583 612 780 688 coniecimus;
798 622 862 673 erat
877 612 956 674 enim
971 613 1002 674 in
1018 624 1134 675 tumore

10 702 39 771 'J
61 697 181 760 animus
196 705 226 758 et
240 695 337 758 omnis
352 697 382 757 in
399 716 433 758 eo
448 697 647 777 temptabatur
661 698 784 759 curatio.

10 788 20 855 ’ζ
150 783 206 843 Sed
228 781 405 843 sumendum
425 791 542 861 tempus
563 790 608 844 est
629 802 691 843 uon
712 783 812 845 minus
827 783 857 845 in
874 782 1039 844 animorum
1054 801 1136 844 mor·

10 847 21 941 Ϊῗ
60 866 108 930 bis
124 886 211 947 quam
227 868 258 927 in
281 885 458 945 corporum,
475 876 512 927 ut
534 869 728 929 Prometheus
750 868 798 929 ille
821 868 975 949 Aeschyli,
996 869 1044 930 cui
1067 887 1135 930 cum

10 964 35 1037 Ἰ·
58 952 173 1016 dictum
188 960 279 1014 esset:

215 1038 310 1118 dtptt,
327 1037 504 1111 Prometheo,
519 1050 546 1100 te
558 1038 610 1100 bdc
623 1048 717 1099 tenere
739 1043 892 1113 enbtnmo,

218 1123 330 1185 Mede'm'
339 1142 421 1203 posse
436 1127 595 1185 cretionem
609 1124 784 1194 iracundiae,
800 1127 808 1144 '

10 1280 12 1285 ,
59 1207 231 1288 respondit:

10 1288 12 1297 '
218 1293 380 1374 Siquidem
395 1297 653 1374 quitempesttocm
674 1293 846 1354 medicinam
861 1295 1015 1357 ddmooens

216 1377 283 1444 Nun
305 1380 506 1458 ddpraoescens
526 1379 630 1440 uolatus
651 1378 754 1440 inlidet
767 1398 868 1455 maren.

149 1463 214 1524 Erit
236 1463 327 1542 igitur
348 1464 379 1524 in
403 1461 657 1525 consolationibus
678 1464 773 1542 prima
795 1463 939 1525 medicina
961 1464 1069 1525 docere
1086 1475 1135 1525 aut

10 1542 37 1643 'p
62 1549 178 1610 nullum
195 1549 305 1608 malum
321 1568 384 1610 esse
399 1558 450 1610 aut
464 1550 621 1610 admodum
637 1567 770 1627 parvum,
786 1549 876 1609 altera
891 1551 969 1610 etde
984 1551 1134 1611 communi

60 1634 237 1695 condicione
257 1634 332 1694 vitae
355 1643 385 1694 et
399 1634 535 1713 proprie,
556 1634 581 1695 si
603 1633 674 1713 quid
695 1633 734 1695 sit
751 1634 788 1694 de
802 1634 907 1714 ipsius,
931 1635 982 1712 qui
997 1645 1133 1708 maereat,

60 1719 282 1798 disputandum,
301 1719 387 1779 tertia
399 1737 542 1780 summam
559 1738 623 1780 esse
638 1718 793 1780 stultitiam
807 1720 917 1780 frustra
933 1720 1039 1780 confici
1055 1738 1147 1780 mae.

58 1822 146 1879 rore,
168 1823 236 1865 cum
257 1804 409 1882 intellegas
432 1805 473 1865 nil
493 1823 582 1884 posse
603 1803 718 1883 profici.
749 1803 822 1864 Nam
844 1803 1000 1865 Cleanthes
1015 1805 1133 1882 quidem

60 1890 226 1969 sapientem
248 1889 435 1964 consolatur,
459 1892 509 1968 qui
532 1888 737 1951 consolatione
760 1908 821 1949 non
845 1897 920 1968 eget
953 1889 1032 1951 Nihil
1054 1890 1134 1951 euim

10 1982 37 2041 tt
57 1992 124 2036 esse
145 1975 263 2049 malum,
285 1975 364 2054 quod
378 1983 466 2054 turpe
483 1994 543 2036 non
566 1974 615 2048 sit,
637 1974 661 2035 si
676 1974 791 2054 lugenti
805 1974 1002 2055 persuaseris,
1025 1994 1085 2035 non
1102 1983 1135 2035 tu

58 2059 103 2120 illi
118 2059 242 2133 luctum,
258 2059 310 2121 sed
325 2060 476 2121 stultitiam
492 2060 670 2134 detraxerim
693 2059 822 2121 alienum
837 2068 934 2121 autem
951 2068 1067 2140 tempus
1082 2062 1135 2121 do-

58 2145 157 2207 cendi.
194 2144 232 2204 Et
254 2153 353 2206 tamen
375 2165 434 2206 non
457 2146 528 2207 satis
548 2145 619 2205 mihi
639 2144 755 2206 videtur
776 2145 881 2207 vidisse
897 2146 953 2206 boc
969 2146 1135 2218 Cleanthes,

1147 1427 1187 1484 32

1156 1511 1205 1560 tt·

97 2298 120 2349 1.
146 2298 171 2344 si
192 2298 330 2360 -putet,
360 2295 509 2362 Epexegese
539 2311 571 2347 zu
661 2297 699 2347 12.
713 2295 863 2360 Siquidem
876 2287 914 2360 ‘ja
934 2311 1008 2348 wenn
1024 2289 1073 2362 -',
1086 2297 1137 2348 wie

57 2363 136 2414 illum
160 2366 322 2430 opinionem.
362 2362 419 2430 Vgt
438 2381 469 2416 zu
492 2365 510 2416 l.
529 2366 571 2428 22,
624 2363 652 2415 ll.
673 2366 713 2428 17,
732 2365 778 2422 392
796 2367 844 2429 qni
861 2389 894 2408 =
912 2368 978 2429 quie.

57 2434 108 2484 52:
127 2447 178 2497 quo
196 2436 291 2483 monet.
658 2433 698 2485 14.
716 2435 764 2481 aut
780 2460 815 2469 -
833 2436 888 2492 ant,
908 2432 957 2483 wie
975 2434 1017 2494 25,
1035 2434 1075 2485 61.

95 2502 119 2552 3.
141 2506 170 2550 tn
197 2500 384 2551 Consolatione
406 2522 440 2542 =
462 2497 503 2551 tv,
528 2501 569 2562 29,
657 2503 696 2552 15.
719 2498 814 2550 altera.
832 2498 945 2564 Erganze
963 2500 1052 2549 dicere
1074 2498 1137 2550 oder

57 2569 106 2620 63:
130 2570 160 2618 in
182 2567 379 2619 demutationes
397 2569 475 2620 libro.
512 2565 568 2633 Vgl.
621 2568 759 2632 disputare
777 2581 823 2618 aus
842 2567 943 2618 docere.

55 2635 99 2687 lll.
118 2638 158 2699 28,
177 2639 221 2695 7ος
240 2635 258 2688 Ι.
277 2638 318 2696 26,
337 2639 378 2690 65.
654 2637 796 2699 communi,
814 2634 922 2686 deutsch
939 2633 1004 2686 adv.
1021 2659 1055 2680 =
1067 2649 1138 2685 com·

94 2705 119 2755 4.
136 2706 166 2754 in
184 2709 288 2755 tumore
301 2696 339 2755 ‘in
358 2703 488 2768 Gabruug,
506 2701 568 2754 Aul·
620 2706 745 2754 maniter.

56 2763 181 2837 regung',
191 2773 240 2823 wie
253 2773 292 2836 12,
303 2774 343 2824 26.
358 2770 464 2838 VgllV.
475 2773 516 2835 29,
527 2771 568 2823 63.
656 2772 696 2823 18.
725 2769 804 2832 Nam,
828 2784 848 2822 s.
874 2785 905 2822 zu
930 2771 975 2829 30,
994 2773 1038 2824 ta:
1065 2768 1137 2822 Nam

95 2841 119 2891 6.
131 2841 287 2891 menendum
303 2845 412 2904 tempos,
431 2855 490 2890 man
503 2837 569 2890 rnuls
621 2839 694 2905 quod
710 2842 802 2898 αἰααίς
823 2853 851 2890 es
870 2838 934 2890 wind
953 2842 1034 2891 etwas
1052 2839 1137 2891 Neues

56 2907 101 2960 die
119 2908 205 2960 recbte
223 2908 279 2959 Zeit
298 2909 405 2960 wiblen.
621 2906 774 2972 eingelubrt.

94 2978 259 3044 7.Aescbyb'.
275 2975 359 3029 Proin.
370 2977 446 3028 oinct.
454 2980 502 3028 stt
513 2991 570 3043 sqq.
657 2977 699 3027 21.
734 2977 851 3026 alienum
886 2979 988 3039 tempus
1017 2975 1138 3037 docendi,

56 3044 158 3111 spricbt
178 3043 306 3098 Oceanus:
624 3044 734 3095 ndmlicb
752 3058 781 3094 so
800 3043 875 3108 lange
900 3043 945 3094 der
962 3042 1068 3094 Meuscb
1086 3059 1137 3095 von

76 3108 188 3174 Οὔκουν,
206 3111 366 3181 Προμηθεῦ,
379 3113 460 3162 τοῦτο
471 3105 571 3182 yeyvci·
624 3111 669 3163 der
687 3110 783 3163 Trauer
805 3110 868 3162 oder
889 3111 1002 3162 dberbau
1025 3118 1034 3160 t
1054 3111 1136 3161 einem

331 3195 410 3242 ouans,
426 3172 470 3230 ὅτι
623 3178 710 3231 nuent
728 3178 959 3231 beberrscbtwird.
1018 3179 1062 3229 ber
1077 3195 1137 3240 prer-

57 3241 473 3368 ,lulitlttlttlttttttt
482 3243 573 3318 ²⁶⁷⁰*
623 3248 947 3380 iiilssmffi'mm‘*
958 3248 1010 3313 va.
1028 3262 1061 3297 ²¹¹
1072 3245 1099 3298 ¹¹·
1112 3249 1138 3313 θ’

91 3378 156 3434 Ἐάν
173 3399 213 3434 ms
231 3385 261 3435 ἐν
279 3384 367 3454 καιρῷ
383 3402 414 3454 γε
425 3380 574 3453 μαλθάσσῃ
662 3385 703 3435 22.
735 3384 841 3434 uidetur
866 3383 970 3433 uidisse.
1009 3380 1069 3432 llies
1095 3380 1137 3432 die

332 3453 364 3503 κε’
629 3451 807 3517 gewobnlicbe
825 3449 943 3515 Stellung
961 3449 1001 3500 bei
1019 3449 1064 3501 der
1077 3447 1138 3501 Ver-

93 3522 140 3569 καὶ
149 3515 186 3586 μὴ
198 3519 359 3590 σφριγῶντα
371 3515 464 3586 θυμὸν
475 3519 578 3582 texeat·
629 3520 743 3584 bindung
760 3519 844 3570 dieser
865 3517 956 3569 beiden
970 3517 1068 3576 Worte;
1091 3533 1137 3569 nur

331 3607 365 3659 νῃ
382 3592 439 3654 βίᾳ.
628 3602 705 3639 wenn
717 3589 807 3638 uidene
817 3586 943 3652 prignant
954 3609 987 3628 =
999 3601 1090 3636 corum
1099 3591 1139 3635 oe·-

95 3656 141 3703 cni
158 3670 219 3705 enm
235 3684 265 3692 -
278 3659 422 3722 respondit,
443 3656 530 3708 wiell.
551 3658 575 3721 8,
627 3655 689 3706 dere
698 3655 741 3717 ist,
753 3655 834 3720 pilegt
845 3670 874 3705 es
891 3668 969 3704 vorau
988 3669 1019 3705 zu
1038 3653 1137 3717 steben,

57 3724 107 3774 20:
125 3728 171 3772 eet
187 3738 247 3773 enm
263 3752 298 3761 -
314 3728 362 3776 ait.
627 3740 648 3777 z.
662 3722 691 3774 B.
709 3722 740 3774 de
758 3722 802 3774 fin.
824 3721 851 3774 V.
871 3725 895 3786 2,
912 3724 942 3774 4:
964 3721 1043 3772 Modo
1068 3725 1138 3772 enim

96 3792 136 3842 10.
153 3791 180 3842 lu
198 3794 347 3842 orationem
358 3793 394 3843 ist
405 3795 431 3843 io
449 3792 488 3845 als
506 3793 575 3845 eine
625 3791 681 3853 fuit
693 3792 782 3855 (lebte)
793 3791 948 3854 Carneades,
960 3806 1036 3855 quem
1047 3792 1139 3842 nidere

56 3856 132 3910 Silbe
149 3873 182 3909 zu
199 3858 279 3911 lesen.
626 3860 727 3915 videor.

112 3957 192 4002 Cicero
206 3958 299 4004 l'uscul.
314 3959 342 4004 ll.
365 3964 386 4004 8.
400 3962 456 4004 butt.
916 3945 933 3995 4
