2542 4394
483 272 578 325 arem
596 272 627 326 v.
646 275 721 341 aaa.
1077 276 1138 336 113

63 463 175 523 quaero
196 453 295 506 utrum
312 445 420 524 aliquid
443 453 541 506 actum
562 447 766 526 superioribus
788 446 891 510 diebus
910 466 947 509 an
972 448 1045 509 nihil
1060 450 1139 511 arbi-

61 528 200 591 tremur?
233 530 265 591 Α.
288 531 394 591 hatum
416 549 485 591 vero
508 540 538 592 et
559 531 742 610 aliquantum
765 533 891 612 quidem.
936 533 976 594 M.
993 533 1091 613 Atqui,
1115 536 1139 597 si

62 616 104 676 ita
120 624 180 690 est,
202 616 355 695 profligata
370 616 427 676 iam
441 617 514 677 haee
530 625 559 677 et
573 635 668 696 paene
691 618 725 678 ad
742 618 851 678 exitum
867 618 990 679 adducta
1006 621 1138 697 quaestio

63 709 117 762 est.
142 701 174 761 A.
188 699 253 771 Quo
265 702 385 763 tandem
396 699 506 762 modo‘i
522 701 563 762 M.
580 701 655 772 Quia
666 711 764 765 motus
776 703 940 764 turbulenti
952 704 1138 767 iactationes-

17 800 37 849 5
63 805 122 865 que
137 786 304 847 animorum
320 787 457 847 incitatae
473 795 503 847 et
517 787 629 867 impetu
651 788 870 850 inconsiderato
887 789 978 850 elatae
994 790 1139 852 rationem

63 889 184 932 omnem
199 872 376 951 repellentes
393 872 465 933 vitae
480 871 583 933 beatae
599 872 708 934 nullam
726 881 839 953 partem
851 874 1036 953 relinquunt.
1066 875 1138 946 Quis

63 957 144 1018 enim
155 964 253 1036 potest
267 965 394 1018 mortem
405 966 455 1018 aut
465 957 597 1018 dolorem
608 967 755 1034 metuens,
771 977 897 1038 quorum
913 959 1038 1020 alterum
1050 979 1137 1040 saepe

63 1043 155 1116 adest,
170 1041 294 1102 alterum
311 1061 428 1122 semper
443 1042 604 1122 impendet,
621 1062 683 1104 esse
700 1063 761 1105 non
777 1042 887 1105 miser‘i
907 1044 994 1119 Quid,
1010 1045 1034 1106 si
1050 1046 1137 1120 idem,

63 1127 144 1206 quod
159 1126 334 1206 plerumque
348 1129 396 1201 m,
411 1136 632 1207 paupertatem,
655 1129 864 1208 ignominiam,
879 1129 1030 1191 infamiam
1044 1132 1137 1207 timet,

10 1223 39 1275 to
62 1213 87 1273 si
104 1211 298 1288 debilitatem,
321 1212 507 1287 caecitatem,
528 1214 552 1274 si
567 1214 712 1292 denique,
734 1215 811 1292 quod
828 1234 889 1275 non
905 1215 1029 1295 singulis
1042 1217 1138 1278 homi·

61 1295 162 1372 nibus,
183 1298 232 1358 sed
250 1296 421 1378 potentibus
437 1298 555 1378 populis
571 1318 657 1378 saepe
673 1300 807 1378 contigit,
822 1298 1015 1361 servitutem?
1040 1310 1138 1381 potest

59 1401 95 1443 ea
109 1383 218 1444 timens
234 1402 298 1444 esse
314 1383 470 1462 quisquam
485 1381 612 1445 beatus?
639 1382 725 1458 Quid,
743 1384 793 1462 qui
809 1404 869 1446 non
886 1386 975 1446 modo
991 1404 1024 1446 ea
1039 1388 1138 1448 futura
1161 1398 1189 1449 16

58 1468 159 1541 timet,
181 1486 282 1529 verum
305 1469 391 1529 etiam
416 1470 474 1529 sert
495 1469 680 1548 sustinetque
703 1468 893 1548 praesentia?
929 1470 1003 1531 adde
1032 1473 1137 1533 eodem

63 1553 174 1628 exsilia,
194 1553 306 1628 luctus,
323 1553 478 1628 orbitates;
499 1554 549 1633 qui
565 1553 655 1615 rebus
669 1555 714 1616 his
729 1556 839 1616 lraetus
854 1555 1039 1634 aegritudine
1055 1557 1137 1619 elidi-

10 1647 36 1699 tt
59 1649 119 1712 tur,
136 1646 234 1717 potest
245 1638 363 1700 tandem
377 1658 440 1701 esse
453 1659 514 1700 non
526 1638 729 1701 miserrimus?
745 1639 822 1710 Quid
834 1638 925 1701 vero?
940 1642 1033 1715 illum,
1049 1661 1137 1721 quem

58 1816 209 1888 petentem
221 1828 288 1870 oum
300 1809 470 1889 inexplebili
485 1810 652 1890 cupiditate,
665 1829 784 1890 quoque
797 1811 965 1872 affluentius
973 1812 1137 1891 voluptates

58 1894 193 1972 undique
207 1895 331 1968 hauriat,
347 1914 381 1955 eo
397 1896 513 1974 gravius
528 1896 737 1974 ardentiusque
753 1895 916 1968 sitientem,
939 1915 1042 1957 nonne
1057 1906 1137 1959 recte

57 1978 257 2040 miserrimum
273 1979 403 2043 dixeris?
434 1978 535 2051 Quid?
565 1980 657 2042 elatus
672 1980 721 2040 ille
743 1980 858 2041 levitate
873 1981 1014 2059 inanique
1030 1982 1138 2042 laetitia

10 2071 36 2123 lu
60 2064 211 2126 exsultans
227 2073 256 2125 et
270 2073 381 2126 temere
396 2065 526 2146 gestiens
547 2085 648 2127 nonne
671 2074 754 2127 tanto
778 2066 929 2140 miserior,
953 2078 1065 2144 quanto
1081 2068 1136 2129 sibi

57 2148 175 2210 videtur
190 2149 323 2211 beatior?
353 2151 432 2230 Ergo
456 2159 490 2212 ut
503 2152 535 2212 hi
555 2151 672 2224 miseri,
693 2152 736 2212 sio
758 2162 863 2211 contra
883 2151 924 2211 illi
944 2150 1038 2226 beati,
1061 2171 1137 2231 quos

57 2233 133 2295 nulli
147 2247 244 2296 metus
258 2244 382 2310 terrent,
399 2237 498 2298 nullae
513 2236 713 2316 aegritudines
729 2237 866 2311 exedunt,
886 2236 984 2298 nullae
998 2236 1136 2299 libidines

93 2351 117 2402 2.
136 2367 206 2413 uero,
225 2366 245 2403 s.
257 2368 289 2404 zu
307 2353 324 2403 l.
340 2356 379 2418 11,
392 2355 433 2406 25.
622 2356 677 2403 aias
698 2355 873 2418 regionesque
893 2369 948 2403 uno
974 2354 1137 2405 calamitatis

92 2421 116 2471 3.
138 2421 287 2484 profligata
300 2412 442 2486 ‘erledigt'3
468 2421 519 2486 vgl.
539 2420 571 2472 ad
621 2423 681 2471 iuro
704 2421 943 2486 comprehenderet.
958 2451 991 2460 -
1008 2421 1054 2474 Die
1076 2422 1136 2473 Hin-

57 2487 117 2539 lam.
127 2485 180 2538 llll.
191 2491 231 2552 30,
242 2490 270 2540 2:
285 2491 436 2554 profligato
455 2489 520 2540 balio
539 2506 571 2540 aa
623 2489 737 2554 deutung
750 2488 795 2540 aul
807 2487 897 2540 Gisars
908 2489 1137 2542 Alleinherrsehalt
1219 2507 1223 2516 ·

52 2570 142 2622 paene
157 2557 270 2608 sublato.
295 2555 351 2622 Vgl.
370 2558 435 2609 auch
453 2573 484 2609 zu
504 2560 528 2621 3,
541 2559 570 2609 6:
622 2557 657 2608 ist
671 2556 875 2610 unverhennbar.

56 2624 146 2687 offusa
165 2625 253 2689 caiigo
272 2630 319 2676 ast.
659 2628 698 2678 11.
712 2627 834 2689 contigit,
844 2624 909 2676 auch
919 2629 992 2676 sonst
1000 2625 1134 2691 bisneilen

90 2703 115 2751 4,
130 2701 258 2764 Quiaceg
268 2701 571 2767 Apagogpschgssgweis.
622 2707 673 2744 von
697 2692 895 2758 ungldakliahen
917 2691 1029 2759 bingen,
1051 2692 1083 2744 da
1107 2709 1134 2746 es

55 2768 176 2834 ldhrung.
623 2760 767 2825 uberhaupt
798 2760 843 2811 das
872 2759 1004 2812 Eintreien
1034 2761 1136 2813 soloher

90 2837 114 2889 6,
134 2838 297 2902 reponentes,
319 2854 340 2892 s,
359 2836 446 2888 211111.
467 2839 507 2902 18,
526 2839 572 2890 393
623 2828 768 2893 Ereignisse
785 2827 949 2890 bezeichnen,
974 2827 1072 2881 welche
1091 2829 1136 2881 der

54 2904 231 2957 muntem,
268 2906 347 2957 Vitae
367 2902 458 2956 bama
475 2906 509 2956 ist
527 2905 573 2956 def
623 2895 704 2947 Natur
716 2895 761 2948 des
773 2895 930 2948 betrolfenen
944 2895 1134 2962 Gegenstandes

54 2970 172 3024 Genetiv.
624 2965 800 3030 entspreahen.
834 2964 889 3017 Gat.
902 2963 935 3015 Μ.
950 2968 990 3028 19,
1003 2969 1047 3019 ’11ι
1065 2967 1135 3016 idam

89 3043 114 3092 9.
144 3044 323 3106 ignominiam
351 3031 569 3109 ‘Besahimplung'
623 3035 781 3098 (82821012)
804 3035 941 3098 millingi&
963 3033 1135 3084 adulewmh'·

54 3107 136 3159 durch
163 3109 219 3161 eine
246 3115 311 3161 nota
338 3113 470 3170 censorin
499 3109 571 3169 infa·
623 3103 671 3150 bue
688 3101 846 3152 adversante
863 3107 973 3152 natura·

52 3179 137 3227 mium
169 3170 285 3229 ‘Verlust
318 3177 363 3229 der
392 3177 570 3242 burgerliahen
658 3167 1135 3250 12·fuldraiimsst-fet'lmfiinssl·

51 3239 127 3296 Ehre’
153 3244 231 3297 durch
255 3246 420 3312 gerichtliche
442 3245 570 3298 Verurtei-
621 3253 673 3302 oue
680 3241 841 3303 praesentia,
854 3253 875 3289 s.
887 3240 980 3302 1‚4zu
992 3240 1133 3288 venientia.

52 3311 126 3378 lang.
143 3312 206 3365 Alsa
219 3314 276 3366 eine
286 3313 447 3379 Steigerung.
466 3314 568 3366 Ebenso
620 3302 746 3380 I'Jbrigens
758 3315 792 3365 ist
804 3313 845 3365 die
857 3312 1042 3365 Konstruktion
1058 3313 1135 3364 nach·

50 3378 95 3431 lV.
114 3381 155 3443 20,
173 3385 215 3434 45.
619 3381 708 3447 lissig,
728 3381 759 3433 da
777 3397 871 3431 aarum
888 3382 970 3430 etiam
987 3397 1019 3432 zu
1037 3383 1085 3447 qai
1100 3410 1134 3419 -

89 3451 130 3500 10.
148 3450 308 3514 non-sod,
331 3449 497 3501 verschieden
517 3465 568 3500 von
620 3451 731 3501 eliditur
757 3449 848 3514 gehbri
869 3447 920 3498 und
945 3447 1048 3509 fori-
1063 3451 1133 3499 orbi·

49 3532 108 3567 non
119 3517 207 3568 solum
216 3519 305 3569 -sad
320 3521 401 3569 etiam
413 3533 437 3568 u.
450 3532 501 3569 von
513 3533 568 3568 non
620 3524 687 3568 tatas
699 3518 773 3569 einen
789 3516 888 3582 logisah
902 3516 1131 3583 untergeordneten

50 3585 132 3636 modo
148 3615 180 3622 —
197 3587 246 3637 aad
269 3587 304 3650 (2,
322 3589 361 3651 5),
387 3586 498 3637 insolam
526 3586 567 3636 die
619 3584 756 3638 Godanken
782 3584 881 3636 emhilt
897 3609 932 3629 =
948 3585 1055 3650 quando
1078 3582 1135 3645 fort

48 3654 155 3773 ἷέἒξεῖιὴ
162 3656 289 3774 dirimi&
289 3654 571 3788 ⁸wii¹iiige12⁰htiegiied
619 3653 889 3786 (zuliibb'erilitrbipmie
902 3719 943 3771 ein
956 3734 988 3770 an
1001 3718 1042 3770 die
1052 3717 1132 3769 deie

45 3795 172 3856 potantes
186 3793 282 3857 popuii
299 3791 375 3842 allein
393 3790 483 3841 betoni
495 3789 567 3841 wird.
621 3789 827 3855 gesahleudertes
840 3786 931 3848 schim
944 3787 998 3852 vgl.
1016 3787 1088 3838 Caes.
1107 3787 1132 3840 b.

49 3856 323 3922 Sauconnam:
341 3859 454 3910 Secutae
472 3861 569 3924 estqui
619 3858 668 3908 eiv.
686 3857 724 3909 lll.
743 3860 783 3921 21,
796 3859 820 3921 2,
837 3872 862 3909 u.
881 3871 901 3907 s.
914 3871 946 3907 au
963 3855 991 3907 ΙΙ.
1010 3858 1049 3918 11,
1062 3857 1103 3909 tt.

48 3964 57 3981 .
82 3942 163 3977 .non
185 3928 354 3992 singulorum
377 3929 475 3977 oinium
499 3929 568 3978 iona
653 3927 694 3978 22.
716 3932 801 3976 motata
814 3953 848 3963 -
862 3923 1134 3989 aegritudines—li·

43 3994 215 4061 publicaret,
239 3997 287 4046 sad
302 3998 441 4046 universas
457 3997 568 4060 prouin-
619 3995 763 4045 bidinoa-
778 3995 908 4057 hennae,
942 3991 983 4044 die
1008 3992 1062 4044 vier
1086 4006 1133 4056 ga·

103 4077 182 4122 Claero
196 4078 287 4121 Tuaaul.
301 4077 328 4121 11.
352 4079 372 4120 8,
386 4078 441 4120 dud.
914 4062 929 4113 8
