2550 4410
159 111 219 170 110
560 112 653 165 LIBER
670 114 699 167 u.
717 118 741 179 3,
760 117 783 167 8.
802 118 826 167 9.

159 306 219 348 non
244 287 410 367 approbant
431 297 482 348 aut
502 307 563 348 nou
579 287 792 349 studiosissime
813 297 1043 364 consectantur,
1073 288 1228 370 Epicurum

158 381 255 433 autem
270 381 300 432 et
313 372 513 433 Metrodorum
530 392 591 433 non
607 374 670 433 sere
685 382 803 452 praeter
822 391 892 435 suos
907 374 1069 453 quisquam
1086 374 1121 436 in
1137 394 1230 437 manus

158 458 262 532 sumit,
287 457 329 518 sio
355 458 409 519 hos
424 457 546 519 Latinos
561 457 581 518 ii
596 457 651 518 soli
666 458 786 536 legunt,
811 457 863 535 qui
885 458 931 519 illa
946 467 1029 520 recte
1044 459 1109 521 dici
1125 470 1230 540 putant

158 541 248 604 Nobis
263 550 360 602 autem
373 542 502 616 videtur,
523 541 663 621 quioquid
678 542 782 603 litteris
794 543 964 617 mandetur,
986 543 1016 604 id
1032 545 1232 607 commendari

158 627 291 688 omnium
307 626 497 688 eruditorum.
504 626 624 688 lectioni
640 626 754 688 decere.
788 627 860 701 Neo,
887 627 911 690 si
927 629 956 689 id
971 627 1029 708 ipsi
1043 630 1153 693 minus
1168 638 1257 691 con-t

158 712 243 791 sequi
268 729 438 791 possumus,
469 711 579 772 idcirco
609 711 709 773 minus
734 712 761 772 id
792 711 830 772 ita
856 712 1026 774 faciendum
1048 733 1122 777 esse
1148 715 1233 777 senti·

119 805 134 855 9
155 816 230 859 mus.
259 797 362 875 ltaque
388 796 459 856 mihi
485 815 603 876 semper
617 796 882 876 Peripateticorum
901 798 1144 879 Academiaeque
1167 818 1234 862 con·

156 882 282 943 suetudo
298 882 334 942 de
350 880 488 942 omnihus
510 881 601 943 rehus
626 881 657 942 iu
680 881 844 943 contrarias
862 882 955 962 partis
978 883 1152 946 disserendi
1178 904 1232 947 uon

158 966 196 1027 oh
212 984 275 1026 eam
303 983 420 1027 causam
446 966 541 1027 solum
567 966 691 1045 placuit,
719 966 798 1045 quod
814 966 898 1028 aliter
914 987 974 1028 non
997 977 1107 1047 posset
1121 970 1193 1050 quid
1206 970 1233 1031 ir

157 1068 275 1129 quaque
301 1068 334 1110 re
359 1050 420 1111 veri
441 1051 534 1112 simile
557 1061 634 1112 esset
647 1051 790 1124 inveniri,
818 1051 978 1113 sedetiam
1001 1053 1087 1131 quod
1112 1064 1192 1117 esset
1206 1060 1267 1116 er!

157 1153 292 1195 maxuma
314 1134 430 1196 dicendi
452 1135 638 1210 exercitati03
664 1155 721 1214 qua
741 1135 883 1215 princeps
897 1156 969 1199 usus
989 1146 1036 1199 est
1050 1139 1233 1213 Aristoteles,

158 1219 265 1280 deiude
280 1238 347 1281 eum
360 1221 410 1299 qui
424 1221 518 1282 secuti
533 1231 613 1284 sunt.
643 1221 749 1282 Nostra
764 1229 862 1282 autem
878 1221 1022 1283 memoria
1033 1222 1135 1299 Philo,
1149 1242 1233 1304 quen

158 1323 214 1366 nos
229 1306 403 1383 frequenter
417 1306 589 1380 audivimus,
610 1305 738 1368 instituit
751 1306 809 1367 alio
824 1316 959 1386 tempore
974 1307 1136 1369 rhetorum
1151 1327 1233 1389 prae·

157 1398 242 1468 cepta
257 1390 383 1463 tradere,
399 1391 455 1451 aiio
471 1391 730 1470 philosophorum3
757 1391 793 1451 ad
808 1409 897 1470 quam
912 1411 968 1453 nos
983 1394 1233 1455 consuetudinem

157 1493 172 1533 a
187 1473 379 1536 familiaribus
395 1476 505 1537 nostris
519 1475 637 1537 adducti
652 1475 683 1536 iu
699 1475 878 1551 Tusculano,
894 1477 974 1555 quod
984 1476 1091 1538 datum
1108 1484 1267 1541 emtam-tt

156 1560 237 1638 poris
263 1559 364 1633 nohis,
391 1561 421 1621 in
438 1581 473 1622 eo
489 1561 735 1639 consumpsimus.
782 1561 884 1640 ltaque
904 1580 973 1622 cum
993 1570 1064 1623 ante
1080 1564 1233 1625 meridiem

158 1644 280 1705 dictioni
297 1664 418 1724 operam
434 1645 634 1720 dedissemus,
649 1646 726 1707 sicut
740 1645 836 1724 pridie
858 1647 1039 1722 feceramus,
1058 1658 1134 1727 post
1147 1649 1233 1712 meri·

158 1728 235 1790 diem
251 1730 280 1791 in
297 1729 481 1791 Academiam
497 1731 721 1806 descendimus,
736 1730 767 1791 in
785 1749 842 1810 qua
857 1730 1090 1810 disputationem
1106 1732 1233 1795 habitam

193 1884 215 1935 1.
234 1881 389 1946 Epicurum.
408 1880 491 1932 Wenn
510 1864 594 1946 gleich
608 1881 668 1949 Epi·
719 1881 767 1932 den
797 1895 886 1947 sogen.
911 1872 1067 1946 ἐπιδείξεις,
1097 1883 1123 1936 d.
1150 1884 1168 1939 i.
1194 1900 1233 1937 zn-

157 1946 205 2000 kur
223 1963 274 1999 von
293 1948 381 1999 Cicero
399 1948 433 1998 im
450 1948 618 2012 allgemeinen
636 1966 667 2001 zu
720 1948 986 2015 sammenhingenden
1011 1948 1157 2019 Vortrigen
1176 1952 1234 2004 dher

128 2045 132 2053 ·
157 2015 362 2081 geringschatzig
389 2015 509 2067 heurteilt
536 2016 609 2082 wind,
639 2032 668 2070 so
717 2016 773 2081 das,
792 2031 846 2068 was
859 2015 900 2068 fur
912 2015 974 2069 oder
984 2031 1067 2083 gegen
1080 2019 1143 2071 elne
1154 2018 1233 2072 Seche

156 2082 191 2133 ist
220 2082 285 2133 doch
311 2083 383 2134 nicht
403 2097 435 2133 au
459 2083 583 2149 leuguen,
613 2084 669 2136 dats
719 2100 751 2136 zu
769 2099 848 2151 sagon
866 2099 934 2150 war,
951 2084 1051 2137 welche
1070 2087 1179 2140 eowohl
1196 2088 1233 2140 die

157 2165 191 2213 er,
210 2150 270 2200 weil
281 2163 308 2200 er
325 2148 366 2200 die
381 2148 511 2201 Dialektik
525 2152 669 2218 uberhaupt
720 2153 839 2218 spiteren
849 2150 1234 2222 AkademikeralsdiePeripa·

156 2217 312 2281 verachtete,
328 2217 353 2268 in
365 2217 452 2272 seinen
469 2218 595 2272 Schriften
605 2220 669 2272 viel·
720 2218 814 2273 tetiker
830 2234 882 2271 von
900 2220 1053 2273 Aristotelea
1071 2221 1233 2276 herleiteten.

157 2285 215 2336 sach
233 2284 274 2336 die
297 2285 385 2352 ndtige
403 2284 508 2339 Sohirte
525 2286 577 2339 und
589 2286 668 2354 Sorg·
753 2290 793 2340 12.
812 2288 888 2339 Phila
906 2302 952 2340 aus
974 2287 1075 2353 Larisa,
1101 2291 1169 2343 nach
1187 2290 1233 2343 cti·

157 2352 432 2407 ialtvermissenliess.
461 2355 559 2407 Zuaat
572 2393 592 2408 ..
605 2372 667 2407 ooo·
719 2354 853 2407 tomaohus
870 2353 1008 2408 Vorsteher
1018 2354 1065 2408 der
1081 2356 1233 2422 Akadenrie,

155 2426 294 2473 sectantur
311 2423 363 2488 vgl.
381 2422 418 2475 tlt
438 2426 478 2487 31,
491 2428 536 2478 75:
558 2428 608 2475 aot
628 2440 667 2474 aa·
718 2421 763 2475 der
775 2422 846 2475 diese
856 2422 899 2475 der
909 2421 971 2475 Stoa
983 2423 1062 2476 uiher
1070 2439 1106 2477 zu
1124 2426 1231 2493 hringen

156 2490 229 2542 dara.
718 2490 825 2543 hemirht
843 2506 905 2555 wer,
922 2490 976 2543 ssoh
993 2506 1038 2542 zur
1049 2491 1109 2544 teia
1121 2493 1170 2547 des
1187 2494 1232 2546 tti-

190 2561 214 2612 2.
249 2559 425 2622 Metrodorus,
453 2561 508 2613 sein
526 2559 667 2625 Liehlings-
719 2558 902 2610 thridatischen
912 2558 1019 2624 Krieges
1028 2561 1080 2624 (88)
1091 2575 1141 2614 aus
1149 2562 1231 2614 Athen

155 2626 256 2678 sehdler
273 2631 366 2690 (paena
385 2629 453 2678 alter
473 2629 617 2693 Epicuros,
635 2626 666 2678 de
718 2627 784 2679 nach
793 2626 865 2691 Rom,
884 2642 927 2679 wo
940 2627 1037 2691 Cicero,
1049 2628 1141 2681 wieer
1152 2630 1233 2682 selbot

153 2692 197 2745 fin.
222 2693 249 2744 ll.
272 2696 312 2756 28,
337 2697 388 2758 92),
413 2694 543 2747 Veriasser
560 2695 667 2746 zahlrei-
719 2694 798 2759 (Brut.
817 2696 857 2759 89,
885 2696 945 2758 306)
967 2698 1033 2760 sagi,
1059 2700 1148 2749 totum
1163 2715 1194 2749 ee
1209 2700 1233 2749 oi

156 2761 216 2812 cher
222 2759 357 2823 Schriften,
369 2762 508 2828 cigentlich
521 2763 666 2828 ausAthen‚
719 2762 840 2814 tradidit.
858 2761 916 2827 Vgl.
936 2765 977 2826 11,
990 2765 1023 2815 26
1035 2779 1060 2815 u.
1072 2778 1096 2816 z.
1116 2763 1134 2818 1.
1153 2768 1180 2831 9,
1194 2770 1232 2819 tt.

156 2828 217 2880 aher
234 2829 397 2892 gewohnlich
414 2829 610 2896 Lampsacenae
624 2845 667 2897 ge·
754 2833 794 2882 14.
820 2829 936 2895 tradere,
961 2828 1007 2883 der
1033 2831 1143 2897 regelm.
1169 2833 1234 2887 Aur

156 2899 249 2958 nannt,
280 2896 314 2947 ist
341 2896 388 2947 mit
413 2897 470 2948 dem
497 2896 668 2950 hkademiker
719 2897 799 2950 druch
816 2914 876 2950 vom
893 2897 1086 2964 Lehrrortragc.

154 2961 188 3016 M.
204 2961 229 3028 (Ι.
246 2966 286 3026 24,
302 2966 343 3029 59)
353 2964 425 3016 nicht
443 2965 667 3019 zoverwechseln.
755 2969 794 3019 16.
817 2969 848 3017 ia
866 2982 905 3029 oo,
932 2981 965 3018 au
987 2966 1113 3019 heziehen
1131 2970 1179 3021 aui
1194 2969 1235 3023 die

190 3036 213 3084 5.
248 3031 318 3098 Neo,
341 3035 366 3083 si
393 3039 440 3087 cat.
478 3033 523 3086 Die
541 3033 668 3100 Negation
720 3033 823 3085 Worte:
858 3032 913 3084 alio
939 3039 1055 3099 tempore
1072 3070 1080 3086 .
1099 3070 1106 3086 .
1126 3039 1235 3104 .th0·

155 3100 220 3151 wird
245 3099 301 3151 dam
320 3099 540 3168 Bedingungssatz
562 3117 667 3154 vocaus·
718 3102 865 3168 sophorum.

155 3167 301 3232 geschickt,
328 3183 403 3221 wenn
422 3185 467 3222 aas
494 3171 590 3223 diesem
609 3170 667 3222 eine
754 3172 794 3223 18.
812 3172 842 3220 ia
859 3170 1039 3221 Academiam.
1059 3170 1234 3227 Cicerohatte

155 3235 275 3301 negative
293 3236 438 3304 Folgerung
456 3253 571 3305 pezogen
590 3237 666 3298 wird;
718 3237 773 3290 sich
792 3237 838 3288 aui
854 3237 950 3290 seinem
979 3236 1159 3293 Tusculanum
1177 3242 1234 3294 eine

154 3303 206 3370 vgl.
230 3303 262 3355 de
287 3320 323 3357 or.
347 3304 375 3357 11.
399 3309 443 3371 to,
470 3310 531 3359 170:
555 3305 626 3368 Nom,
643 3307 669 3355 ri
717 3305 763 3357 der
781 3303 1084 3358 Akademieinhthen
1094 3309 1150 3371 (wo
1160 3307 1234 3362 Plato

156 3372 289 3438 Opimium
298 3372 666 3438 defendisti,Cardo,idcirco
717 3373 809 3437 lehrte)
837 3373 955 3425 ihnliche
986 3372 1149 3429 Promenade
1173 3380 1235 3446 (gy-

153 3445 178 3491 te
195 3445 241 3492 icti
258 3444 356 3493 bonum
373 3445 460 3493 vinem
473 3445 617 3508 putabant.
717 3444 860 3505 maasiam,
870 3441 1026 3507 ambulatio)
1038 3442 1171 3511 angeiegt,
1183 3444 1235 3499 und

188 3513 211 3562 8.
239 3512 269 3560 ia
297 3512 450 3561 contrarias
470 3513 559 3576 partis
579 3535 614 3555 =
637 3511 666 3560 in
719 3509 814 3561 ehenso
843 3509 900 3561 eine
926 3509 991 3561 nach
1018 3507 1065 3562 drt
1088 3509 1136 3564 dee
1155 3512 1234 3567 durch

152 3583 415 3644 utramquepartem
432 3578 551 3643 (deorat.
568 3576 606 3630 111.
625 3579 666 3642 27,
718 3576 871 3629 Aristoteles
893 3577 1045 3628 heriihmten
1068 3576 1235 3647 hycenms.

156 3649 225 3707 tuit:
244 3644 284 3695 tor
300 3645 353 3696 und
366 3645 453 3698 wider.
717 3643 820 3696 Erstere
837 3645 880 3710 lag
908 3643 1035 3710 niedriger
1057 3644 1099 3706 (de
1118 3646 1201 3702 diriu.
1218 3650 1235 3701 1.

191 3715 378 3780 imprimam,
396 3730 416 3766 s.
435 3729 457 3766 z.
479 3713 517 3765 111.
537 3718 577 3777 17,
597 3716 638 3767 36.
718 3715 742 3773 5,
762 3714 800 3776 8);
819 3712 897 3765 daher
910 3713 964 3764 hier
976 3711 1028 3764 und
1047 3711 1086 3765 111.
1095 3715 1235 3782 3‚‘t(aueh

187 3780 349 3831 Aristotelea.
386 3782 472 3834 Cicero
498 3782 595 3848 speicht
611 3796 663 3832 von
717 3779 758 3832 lv,
777 3783 801 3845 4,
820 3783 845 3845 7)
864 3780 1055 3832 doscmadimm.
