2550 4410
72 743 105 793 62

127 162 186 222 142

437 161 531 216 unua
548 163 576 216 u.
596 167 636 229 aa,
655 167 696 218 s1.
715 166 756 230 ts,
774 167 816 218 cn
834 166 875 218 ss.

124 336 196 408 ciat,
219 343 252 396 ut
267 336 376 396 frustra
391 344 490 398 tantus
506 337 549 397 vir
569 337 606 397 ad
628 355 675 398 me
694 325 827 398 venerit?
859 335 964 416 ltaque
980 337 1128 399 narrabat
1141 356 1200 401 enm

124 420 301 500 gravitaret
323 420 442 500 copiose
464 422 500 482 de
520 422 578 483 hoc
599 422 680 502 ipso,
707 420 781 483 nibil
802 421 1021 496 essebonum,
1045 422 1108 485 uisi
1130 424 1199 504 quod

124 513 202 567 esset
216 505 394 579 honestum,
418 506 575 567 cubantem
591 507 799 586 disputavisse,
821 524 949 585 cumque
970 507 1062 586 quasi
1086 508 1199 571 lacessi

123 590 234 652 doloris
249 591 491 666 admoverentur,
506 609 593 672 saepe
609 591 733 654 dixisse:
752 584 844 652 ‘Nihil
858 591 929 670 agis,
945 592 1053 653 dolorl
1074 594 1198 672 quamvis

71 669 109 728 ²6
123 676 163 738 sis
178 676 335 749 molestus,
359 694 520 754 numquam
536 684 565 737 te
581 696 645 738 esse
661 676 826 737 confitebor
840 670 970 737 malum?
1010 677 1199 758 Omninoque
1212 688 1223 739 t

124 780 227 822 omnes
243 761 313 822 clari
329 769 359 821 et
374 761 518 822 nobilitati
538 762 656 823 labores
676 759 794 824 bonnis
815 764 995 824 contemsisse
1014 763 1099 825 liunt
1120 764 1198 825 etiam

122 846 298 907 tolerabiles.
328 845 506 907 Videmusne
522 847 601 926 apud
616 865 691 925 quos
706 864 810 908 eorum
826 846 982 920 ludorum,
1003 847 1060 926 qui
1075 848 1198 929 gymnici

122 933 328 1003 nominantur,
350 948 475 1010 magnus
498 933 594 993 honos
615 932 668 1010 sit,
692 932 807 992 nullum
827 931 864 992 nb
879 930 930 1005 iis,
945 931 999 1010 qui
1014 932 1049 992 in
1066 933 1099 993 id
1112 941 1198 995 certa·

120 1034 189 1076 men
205 1014 399 1088 descendant,
415 1015 536 1077 devitari
551 1014 707 1078 dolorem?
728 1017 805 1096 apud
822 1035 897 1095 quos
912 1023 1013 1076 autem
1027 1018 1161 1080 venandi
1172 1018 1211 1079 61·

121 1099 271 1180 equitandi
289 1099 351 1160 laus
365 1100 452 1178 viget,
468 1102 520 1179 qui
535 1102 612 1172 banc
627 1109 783 1180 petessant
797 1101 911 1162 nullum
923 1101 1046 1181 lugiunt
1057 1102 1196 1164 dolorem.
1211 1110 1230 1162 u

121 1185 198 1256 Quid
213 1184 249 1244 de
272 1184 381 1246 nostris
403 1185 630 1261 ambitionibus,
653 1186 724 1265 quid
745 1185 782 1247 de
802 1185 960 1266 cupiditate
981 1185 1140 1250 bonorum
1158 1189 1197 1249 lo·

121 1267 216 1349 quar?
239 1270 443 1348 quaenamve
460 1281 520 1343 est,
542 1290 597 1351 per
617 1290 706 1350 quam
721 1290 784 1333 nou
800 1271 990 1332 cucurrerint
1004 1271 1044 1347 ii,
1062 1273 1196 1351 quibaec

120 1355 189 1416 olim
220 1354 338 1435 punctis
363 1355 486 1434 siugulis
513 1354 726 1436 conligebant‘i
755 1356 857 1435 ltaque
889 1373 1010 1436 semper
1041 1358 1196 1420 Africanus

120 1440 302 1502 Socraticum
317 1439 546 1520 Xenophontem
569 1440 753 1503 inmanibus
773 1440 913 1516 habebat,
936 1440 1023 1503 cuius
1046 1442 1196 1524 inprimis

120 1524 255 1586 laudabat
276 1525 362 1598 illud,
383 1526 463 1604 quod
485 1527 598 1588 diceret
618 1526 737 1588 eosdem
758 1525 875 1587 labores
898 1545 960 1587 uon
983 1544 1084 1606 aeque
1106 1528 1230 1607 gravisi

120 1629 184 1671 esse
205 1611 376 1689 imperatori
398 1620 427 1672 et
448 1612 549 1685 militi,
578 1613 657 1690 quod
684 1611 748 1691 ipse
779 1612 874 1672 honos
900 1610 1035 1672 laborem
1057 1612 1194 1675 leviorem

122 1696 233 1756 laceret
248 1697 482 1774 imperatorium.

67 1783 96 1833 63
204 1781 261 1842 Sed
277 1791 375 1842 tamen
392 1783 449 1843 hoe
465 1782 572 1854 evenit,
595 1788 628 1841 ut
640 1780 670 1840 in
686 1780 789 1858 volgus
806 1778 1010 1858 insipientium
1031 1782 1138 1862 opinio
1152 1800 1195 1844 re

153 1937 176 1984 1.
203 1933 297 1997 ltaque
319 1924 384 1982 ‘und
410 1923 452 1982 so‘
479 1932 571 1996 gehdrt
598 1945 630 1981 zu

118 2000 301 2066 disputavisse.

152 2070 176 2119 3.
207 2081 318 2130 eumque
347 2093 380 2103 —
413 2066 630 2118 admoverentur:

112 2127 178 2187 ‘und
197 2133 315 2198 obgleicb
329 2132 373 2183 ibn
388 2132 432 2184 der
448 2132 568 2184 Scbmerz
581 2134 631 2185 wie

118 2193 333 2254 lleuerbranute'.
347 2200 403 2266 Vgl.
414 2199 629 2264 secuturum:

116 2271 249 2320 Boiorum
274 2283 334 2319 oum
356 2270 532 2320 admoventur
548 2269 630 2333 foces,

115 2342 224 2404 praeter
235 2337 343 2388 modeim
356 2337 481 2403 plerique
492 2342 628 2388 661666666-

117 2411 176 2468 tur;
196 2421 216 2458 s.
235 2422 257 2457 z.
275 2405 292 2456 l.
313 2409 352 2470 19,
370 2409 412 2459 44.

150 2478 174 2528 4.
204 2473 283 2525 Nilei!
299 2478 366 2540 ogis,
384 2475 434 2527 wie
452 2475 478 2525 in
497 2474 550 2525 Cat.
568 2472 585 2526 l.
604 2477 628 2538 6,

119 2547 161 2597 15:
186 2543 265 2595 Nintt
281 2548 354 2608 ogis,
378 2542 448 2594 nibil
467 2544 630 2608 adsequeris,

20 2608 29 2621 “
115 2627 200 2678 neque
222 2616 311 2662 temen
335 2615 441 2664 conari.
454 2626 486 2661 av
503 2612 569 2662 velle
586 2609 628 2660 de-

114 2682 195 2730 sistis.

150 2750 173 2798 6.
208 2748 297 2805 etiam,
316 2745 340 2798 d.
358 2745 383 2797 h.
401 2746 553 2810 aulserdem,
570 2744 626 2797 dals

115 2815 154 2865 sie
170 2812 298 2863 ruhmvoll
317 2812 370 2862 und
387 2813 494 2877 geieiert
512 2813 577 2866 sind.

150 2884 173 2932 l.
191 2880 352 2941 videmusne,
371 2881 466 2932 eberiso
476 2881 525 2931 wie
542 2881 628 2932 vides·

115 2965 148 3000 ne
165 2947 216 3000 und
234 2948 364 2998 videtisne
384 2948 488 3013 regelm.
506 2949 548 2999 bei
566 2949 626 3014 Cic,

25 3013 30 3019 '
114 3017 185 3068 niclrt
203 3032 291 3067 nonne
313 3016 379 3079 vid,
401 3031 445 3066 um
468 3015 517 3066 den
535 3015 627 3083 dalrty-

114 3084 213 3136 liscben
237 3083 381 3150 Rhythmus
407 3100 439 3135 zu
466 3083 625 3147 vermeiden;

113 3153 165 3217 vgl.
185 3151 250 3202 auch
268 3166 289 3202 z.
307 3151 325 3202 l.
344 3153 385 3216 27,
404 3153 450 3203 δῖε
466 3156 583 3217 potesne.

143 3221 275 3286 gymnici.
301 3218 360 3271 Ilios
370 3220 422 3270 und
432 3220 625 3286 niehtgpmnc·

111 3286 624 3340 stioneistderGiceronischeAusdruclr

113 3357 152 3409 liu
165 3348 377 3424 ι3111616611661).

43 3448 46 3453 ·
147 3428 172 3479 8.
207 3427 239 3476 ab
257 3426 292 3474 iis
313 3424 348 3475 ist
365 3440 416 3476 von
434 3425 518 3476 einem
536 3439 568 3475 zu
585 3438 624 3474 er-

112 3493 260 3558 ganzendeu
287 3508 379 3544 eonem
405 3493 546 3563 ebhdngig,
579 3491 625 3542 aui

111 3561 224 3613 welches
252 3561 307 3612 sich
338 3561 384 3612 das
416 3559 624 3626 vorhergehende

111 3630 185 3694 opud
197 3644 264 3693 qvos
279 3629 395 3691 bezieht;
415 3630 511 3681 eberiso
526 3628 560 3678 im
576 3627 625 3678 iol-

112 3695 212 3762 geuden
230 3699 278 3760 poi
296 3699 365 3747 donc
381 3701 523 3763 peteesunt.

116 3817 127 3828 „
145 3766 170 3816 9.
188 3763 263 3828 opud
279 3780 345 3830 quos
359 3793 392 3803 —
408 3767 467 3816 iaus
483 3767 558 3829 viget
574 3767 623 3815 oet.

110 3829 248 3896 Ubergang
260 3846 305 3883 zur
318 3831 387 3883 Orat.
400 3836 481 3893 rectu,
500 3847 521 3884 s.
536 3834 577 3897 25,
591 3834 622 3884 61

682 1931 971 1995 mmm—mm

718 2001 756 2050 10.
768 2002 906 2064 potessuut
915 1996 986 2059 (oder
991 2001 1149 2067 petissent),
1158 2001 1194 2054 cin

681 2064 1195 2136 selteuesWortnachFestns=saepies

677 2138 783 2200 petunt,
800 2133 856 2185 elso
874 2132 952 2185 Verb.
970 2133 1141 2189 intensivum.

718 2204 757 2254 11.
768 2203 965 2267 ambitionibus,
973 2200 1194 2272 indernrsprune·

681 2269 766 2321 lichen
784 2268 943 2335 Bedeuluug.

716 2339 755 2392 12.
770 2338 1063 2401 puceflammaestcet.
1087 2339 1193 2406 Honep.

679 2404 697 2456 l.
717 2408 739 2466 1,
754 2407 798 2456 45:
817 2406 935 2470 Impiger
951 2411 1089 2458 seb-omos
1108 2411 1193 2460 eureis

679 2478 814 2525 mereator
826 2472 862 2524 od
872 2473 961 2538 Indos,
977 2474 1031 2524 Per
1040 2489 1121 2527 mare
1131 2492 1194 2543 pou·

677 2539 1192 2611 perisenfugiens,perseeca,perignec

713 2607 1194 2674 boscioliezuulbonoreneberver·

680 2675 893 2742 allgemeinerud:
905 2669 1083 2743 ‘dergleicben
1096 2672 1191 2746 Dinge',

677 2744 757 2797 wiel.
771 2747 812 2802 24,
825 2747 867 2796 56.

714 2816 753 2865 13.
774 2814 883 2878 punctis
899 2812 1024 2877 singulis.
1060 2811 1118 2865 Vor
1135 2814 1191 2866 Ein-

677 2880 789 2945 ldhrung
801 2879 845 2931 der
852 2879 1074 2933 Stimmtiielcben
1085 2881 1191 2935 wurden

676 2949 704 2999 in
723 2947 767 2999 der
780 2947 1047 3014 Wahlrersammluug
1059 2947 1102 3002 die
1117 2948 1191 3002 sum-

677 3031 735 3068 men
758 3016 799 3067 iiir
817 3015 858 3067 die
880 3015 1012 3068 einzelnen
1031 3015 1190 3070 Kandldaten

677 3083 756 3137 durch
766 3083 867 3135 Punlrte
877 3083 1083 3148 beieinesJedeu
1093 3083 1190 3138 Namen

675 3150 833 3217 angemerlrt.
869 3151 951 3203 llaher
968 3151 1070 3204 11611.
1084 3151 1114 3206 P.
1128 3156 1189 3207 343:

676 3220 757 3272 Omne
781 3220 846 3270 tulit
865 3224 995 3285 punctum
1017 3223 1067 3285 qui
1081 3224 1191 3274 munet

674 3290 740 3340 utile
757 3288 838 3339 duim.

708 3356 803 3421 ltaque
820 3360 869 3407 cet.
902 3353 1072 3421 Nachlissige
1083 3353 1189 3410 Diktlon

674 3423 725 3474 liis:
744 3424 837 3488 Itaque
852 3421 1009 3486 Africanus,
1027 3425 1076 3488 qui
1085 3440 1189 3491 semper

673 3491 874 3557 Xenophontem
884 3494 914 3542 in
931 3492 1056 3543 monibus
1068 3493 1189 3558 11616161,

676 3562 755 3610 buius
782 3562 812 3609 in
831 3562 931 3625 primis
952 3558 1083 3611 laudabat
1105 3560 1187 3622 ertum

674 3627 727 3693 vgl.
740 3627 757 3678 1.
771 3628 812 3693 24,
825 3631 870 3680 57:
890 3632 917 3678 et
932 3632 1021 3679 tamen
1037 3629 1080 3677 ito
1091 3627 1188 3688 faciles

674 3697 903 3759 inimogationes
925 3699 990 3746 sunt
1011 3697 1062 3747 cet.
1098 3696 1133 3748 lis
1155 3697 1188 3748 ist

675 3762 720 3815 der
733 3765 843 3828 jungere
859 3763 914 3816 dir.
932 3762 1054 3830 gemeiut.
1083 3761 1187 3817 111616

674 3831 761 3883 rirhrte
779 3830 860 3884 Stelle
877 3833 912 3884 ist
929 3832 1022 3899 Cyrop.
1041 3828 1060 3882 1.
1079 3833 1104 3897 6,
1123 3834 1165 3885 un
