2550 4410
122 155 163 212 54
472 152 568 205 trem
584 153 602 206 1.
622 156 662 219 rs,
680 155 721 205 aa.
741 155 781 218 re,
797 153 840 205 43.

122 327 230 407 quibus
251 327 348 387 omnia
370 334 506 386 constare
527 326 683 399 dicuntur,
705 342 741 385 ex
761 324 940 384 inflammata
955 321 1054 383 anima
1069 329 1191 396 constat,

121 422 155 474 ut
170 412 353 494 potissimum
368 411 461 472 videri
484 411 566 472 rideo
582 409 731 483 Panaetio,
754 407 909 489 superiora
925 416 1060 488 capessat
1075 425 1193 470 necesse

122 506 174 560 θεῖ.
204 497 283 559 Nihil
297 497 377 558 enim
392 494 503 557 hahent
518 497 590 556 haec
605 495 664 556 duo
679 512 790 572 genera
806 494 895 573 proni
910 501 941 554 et
954 511 1064 572 supera
1079 509 1194 573 semper

108 590 235 662 petunt.
265 582 316 656 lta,
339 581 398 642 sive
413 581 603 660 dissipantur,
619 579 725 658 procul
738 597 754 639 a
769 579 857 640 terris
872 578 901 639 id
916 578 1029 653 evenit,
1051 578 1116 639 sire
1130 597 1195 658 per·

121 676 243 728 manent
265 676 295 727 ot
316 674 493 728 conservant
507 665 639 727 habitum
656 682 760 737 suum,
783 665 841 725 hoe
856 663 943 725 etiam
964 663 1059 742 magis
1075 681 1195 725 necesse
1212 671 1224 722 t
1238 702 1240 713 ·

121 762 165 814 est
179 754 314 814 ferantur
329 751 363 812 ad
378 752 489 812 caelum
505 759 534 812 et
549 750 585 811 ab
601 750 638 812 iis
653 758 865 830 perrumpatur
877 757 907 810 et
920 748 1067 810 dividatur
1082 767 1197 810 crassus

121 837 169 898 hic
185 846 214 898 et
229 843 388 897 concretus
402 845 466 911 aer,
483 837 533 914 qui
549 844 593 896 est
607 843 704 896 terrac
719 834 882 914 proximus.
913 832 1042 895 Calidior
1056 840 1103 894 est
1118 833 1197 894 enim

121 922 166 982 vel
188 921 287 1000 potius
302 920 452 981 ardentior
475 921 592 982 animus
614 939 702 999 quam
718 928 763 981 ost
776 920 825 980 hic
840 928 903 993 aer,
929 935 1017 998 quem
1032 918 1126 979 modo
1140 918 1198 979 dixi

122 1023 253 1066 erassum
269 1013 357 1083 atque
373 1014 562 1079 concretum,
578 1005 657 1084 quod
673 1023 709 1066 ex
724 1023 760 1066 eo
776 1004 845 1065 sciri
860 1011 968 1083 potest,
984 1003 1054 1082 quia
1068 1021 1197 1084 corpora

123 1100 233 1163 nostra,
250 1098 371 1150 terreno
383 1090 598 1170 principiorum
610 1108 721 1170 genere
737 1090 881 1162 coniecta,
896 1088 1001 1150 ardore
1016 1087 1110 1149 animi
1125 1105 1200 1149 con·
1219 1094 1239 1147 tt

122 1174 282 1234 calescunt.

70 1263 106 1319 1t
209 1258 344 1332 Accedit,
366 1268 454 1320 uteo
476 1259 590 1321 lucilius
612 1260 729 1321 animus
749 1259 850 1320 evadat
870 1277 907 1319 ex
926 1257 983 1318 hoc
998 1266 1085 1332 aero,
1108 1275 1200 1336 quem

69 1354 100 1407 ta
123 1362 211 1423 saepe
235 1343 290 1404 iam
314 1345 445 1424 appello,
472 1362 599 1423 eumque
620 1353 810 1424 perrumpat,
831 1342 910 1422 quod
934 1342 1008 1403 nihil
1029 1350 1075 1404 est
1097 1342 1199 1403 animo

122 1429 266 1502 velocius3
299 1429 378 1490 nulla
401 1437 445 1490 est
466 1430 600 1491 celeritas
626 1447 701 1508 quae
723 1429 818 1508 possit
839 1445 906 1489 cunt
929 1426 1020 1488 animi
1045 1427 1199 1488 celeritate

123 1512 314 1574 contendere.
346 1514 403 1585 Qui
419 1514 443 1575 si
455 1522 611 1593 permanet
621 1515 813 1594 incorruptus
823 1513 929 1591 suique
943 1511 1056 1585 similis,
1072 1530 1198 1574 necesse
1220 1517 1239 1570 tt

122 1607 167 1658 est
182 1597 221 1658 ita
243 1599 372 1673 seratur,
395 1607 428 1659 ut
443 1608 578 1679 penetret
594 1608 624 1660 et
638 1599 744 1660 dividat
759 1616 848 1659 omne
863 1597 977 1658 caelum
992 1597 1065 1672 hoc,
1088 1597 1122 1657 in
1138 1616 1199 1676 quo

124 1682 227 1757 nubes,
244 1682 354 1745 imbres
374 1685 514 1763 ventique
534 1692 697 1764 coguntur,
721 1682 801 1761 quod
816 1690 845 1743 et
859 1680 993 1743 umidum
1009 1690 1038 1742 et
1053 1681 1199 1761 caligino-

123 1785 188 1829 sum
205 1777 249 1829 est
263 1778 387 1848 propter
410 1769 608 1830 exhalationes
629 1778 733 1830 terrae.
765 1768 861 1839 Quam
881 1766 1035 1846 regionem
1055 1785 1126 1828 cum
1148 1787 1200 1828 su-

122 1853 235 1933 peravit
260 1854 375 1916 animus
402 1863 597 1934 naturamque
622 1854 669 1915 sui
694 1852 818 1914 similem
841 1851 967 1931 contigit
992 1859 1022 1912 et
1047 1849 1199 1931 adgnovit,

121 1936 230 1999 iunctis
251 1957 287 1998 ex
309 1939 406 2001 anima
427 1939 509 1999 tenui
530 1946 559 1999 et
580 1956 615 1998 ex
629 1938 734 1999 ardore
749 1938 819 1999 solis
834 1945 998 2016 temperato
1016 1935 1138 2015 ignibus
1152 1937 1201 1998 in·
1221 1943 1239 1994 t

122 2020 197 2082 ¹sistit
219 2031 249 2081 et
271 2023 360 2082 linem
382 2022 468 2084 altius
490 2041 521 2083 se
543 2022 687 2084 efferendi
709 2022 786 2083 iacit.
817 2022 893 2082 Tum
913 2021 993 2082 enim
1008 2021 1054 2083 sui
1069 2021 1200 2084 similem

158 2188 181 2238 1.
199 2187 367 2248 inflammata
385 2186 633 2245 anima:dasrtver‘r·
684 2187 871 2254 htmosphlre,
902 2187 953 2240 wie
976 2187 992 2252 ξ
1017 2189 1064 2239 60:
1092 2188 1144 2240 hoe
1166 2216 1201 2226 -

123 2251 565 2390 “tf‘ttttlttt‘tltlltta‚
589 2324 634 2376 aa
685 2254 1081 2388 tttttttttltlttttt
1099 2254 1203 2377 lidii}

122 2389 308 2456 ongesehenste
338 2395 411 2444 unter
440 2391 488 2444 den
512 2391 632 2445 Stoilmrn
685 2390 733 2444 den
752 2391 865 2443 hriheren
882 2390 1021 2444 huitrnum.

122 2457 397 2525 scinerZeit(um140
411 2476 434 2512 r.
445 2461 519 2527 Chr),
532 2460 631 2513 Freund
720 2462 760 2513 19.
779 2460 917 2525 adgnovit,
933 2459 986 2525 rgl.
1000 2461 1024 2522 8,
1038 2461 1077 2511 15.

122 2526 275 2580 undhehrer
291 2528 469 2595 desjdngeren
479 2529 565 2597 Scipio
580 2529 632 2581 und
719 2530 759 2580 20.
778 2529 878 2578 iunctis
895 2555 929 2565 -
945 2528 1063 2592 ignibus,
1081 2524 1106 2579 d.
1117 2526 1143 2579 lt.
1156 2527 1204 2578 aui

121 2592 207 2646 Lllius
226 2596 313 2660 (durch
332 2596 386 2648 sein
403 2595 482 2648 Werlr
500 2599 565 2666 περὶ
582 2598 636 2652 τοῦ
685 2593 735 2647 den
745 2594 888 2648 Gestirnen.
910 2594 982 2646 ltenn
993 2593 1034 2647 die
1043 2592 1122 2646 Seele
1130 2593 1202 2647 kann

121 2657 437 2793 ttltttt'thdttm
462 2663 634 2731 “⁰¹¹¹'l⁰‘¹¹‘
684 2661 740 2782 til
760 2662 896 2783 lid?
916 2663 999 2782 tlt
1026 2661 1077 2782 te
1095 2661 1203 2782 illker

391 2770 396 2792 ,
718 2746 837 2782 mnoer
884 2747 926 2796 r„
971 2747 985 2782 n
1168 2746 1203 2783 zu

157 2796 180 2847 3.
216 2798 281 2846 haro
303 2796 356 2847 duo
372 2810 487 2861 genera,
505 2796 530 2848 in
548 2796 617 2849 Bezu
686 2798 730 2850 der
742 2745 838 2850 urinae
851 2798 897 2851 des
909 2797 1002 2850 Athens
1019 2797 1072 2850 und
1089 2796 1136 2850 der
1152 2799 1203 2850 rei-

122 2861 168 2913 aul
184 2864 350 2925 inflammata
365 2866 471 2915 animat
490 2863 570 2917 Ferret
582 2811 636 2917 und
685 2881 763 2918 neren
776 2866 834 2917 Lutt
847 2868 949 2930 (anima
961 2867 1060 2931 tenuis)
1078 2865 1203 2932 erheben,

126 2929 191 2984 Lutt
686 2949 718 2985 an
743 2934 855 2986 welcher
877 2934 932 2986 sich
954 2933 997 2985 die
1016 2933 1135 2986 Gestlrne
1156 2934 1203 2986 he·

157 3001 181 3050 4.
199 3001 255 3049 stas
273 2998 447 3115 dissipantur.
465 2998 554 3065 Einige
567 2999 635 3053 Stoi·
684 3000 785 3067 finden,
803 3001 926 3054 wahrend
944 3000 984 3054 die
1003 3000 1102 3065 Sonnc,
1121 3001 1202 3055 deren

123 3065 176 3127 lter,
196 3064 334 3118 nnmentlic
369 3063 500 3131 Pacilius,
521 3068 633 3121 meinten
685 3069 766 3121 Netur
782 3069 823 3121 die
836 3069 925 3122 Gotter
942 3070 1030 3134 teilen,
1047 3068 1115 3122 noch
1135 3071 1203 3122 dher

122 3134 242 3196 nlmlich,
261 3131 316 3184 dass
329 3133 384 3184 sich
396 3134 437 3185 die
451 3133 543 3187 Seeleu
556 3136 634 3189 kurze
685 3137 820 3190 denselhen
847 3138 978 3202 schweht,
1008 3137 1126 3190 weshalh
1152 3153 1204 3190 nur

123 3199 179 3253 Zeit
197 3199 262 3252 rrach
280 3199 337 3251 dem
352 3199 423 3254 Tode
440 3203 635 3270 verfldchtigen,
685 3206 726 3258 ein
751 3210 912 3272 temperatus
933 3207 1018 3256 ordor
1033 3206 1099 3258 solie
1123 3205 1204 3258 dultin

124 3267 230 3332 andere,
248 3266 305 3319 dass
323 3267 378 3320 sich
396 3269 459 3335 alle,
477 3271 573 3324 wieder
590 3287 635 3324 un·
686 3273 798 3340 gelangt.

122 3335 192 3400 dere,
210 3335 266 3387 dats
285 3334 339 3389 sich
357 3351 404 3388 nur
421 3337 462 3389 die
474 3337 519 3391 der
531 3339 635 3392 Weisen
721 3343 761 3393 at.
780 3339 827 3392 hlit
838 3358 866 3392 so
883 3342 926 3405 (st
937 3344 989 3406 sual
1005 3340 1137 3403 offerendi
1148 3341 1202 3408 rgl.

123 3409 177 3457 eret
188 3405 214 3456 in
226 3403 283 3456 dun
294 3402 634 3468 allgemeinenWeltbronde
685 3408 752 3461 Phil.
770 3408 812 3460 lli.
826 3411 851 3474 3,
863 3411 892 3461 d:
909 3409 1002 3460 multia
1019 3409 1063 3459 illi
1080 3410 1110 3460 ira
1128 3412 1203 3461 wtt-

123 3467 303 3542 (ὲκπύρωσις)
321 3470 445 3524 aulldsen.
688 3479 750 3542 tus,
768 3480 821 3528 iter
839 3491 893 3542 gara
908 3475 1040 3542 fumabat,
1060 3476 1204 3539 rofietmdi

158 3542 198 3594 12.
217 3539 330 3592 Accedit
340 3539 582 3604 quod-ocloctue:
598 3543 636 3596 als
685 3561 714 3595 ro
726 3549 752 3595 ct
763 3545 880 3597 curandi
889 3549 1007 3611 potestas
1015 3542 1082 3606 suin
1096 3544 1131 3597 ad
1142 3546 1203 3599 lam.

124 3607 237 3659 temeres
259 3605 373 3657 Moment
399 3606 498 3661 kommt
524 3625 556 3661 zu
578 3609 636 3665 dem
686 3611 718 3664 X.
736 3614 778 3677 33,
796 3617 824 3666 h:
848 3628 909 3664 cum
929 3614 1001 3664 nihil
1016 3615 1053 3663 stt
1066 3615 1205 3680 periculo-

125 3674 190 3727 ieuri
210 3673 371 3740 luitnrtigen
385 3673 479 3729 Weseu
497 3677 542 3731 der
560 3675 635 3732 Seele
686 3682 744 3730 etur
770 3697 850 3745 quom
875 3684 992 3748 epatium
1021 3680 1206 3743 confirmandi

124 3741 180 3794 ihre
192 3689 368 3808 iuenttgkeit
385 3742 470 3798 hinnu.
685 3763 741 3798 roro
752 3749 871 3800 Antonio
889 3749 963 3811 dori,
981 3747 1062 3801 deor.
1077 3748 1106 3801 ll.
1119 3752 1146 3816 4,
1160 3753 1205 3804 to:

162 3812 201 3863 16.
226 3823 302 3861 omno
319 3810 420 3863 eochar
437 3814 487 3866 hoc
506 3818 568 3867 cet:
593 3814 635 3867 die
684 3818 725 3867 ito
748 3831 807 3866 eum
829 3817 943 3883 crepidas
964 3817 993 3868 tn
1011 3816 1060 3869 illa
1078 3817 1206 3884 longiore
