2550 4410
117 193 156 253 36
484 192 579 246 sinen
596 192 613 246 1.
633 197 657 257 s,
677 197 717 246 ιτ.
736 197 760 258 o,
781 197 820 249 rs.

68 365 250 448 inpellabo:
272 365 477 426 continentem
500 365 665 426 orationem
686 365 786 426 audire
808 364 895 425 malo.
925 364 967 426 M.
988 363 1091 436 Quid?
1118 366 1143 427 si
1166 374 1196 427 tc

120 469 264 529 rogavero
281 450 406 529 aliquid,
428 469 532 511 nonne
547 447 763 529 respondebis?
789 448 821 510 Α.
839 449 1006 529 Superbum
1029 450 1058 511 id
1074 451 1196 529 quidem

85 545 104 601 9
123 544 179 609 csl3
196 537 257 610 scd,
274 535 331 597 nisi
347 535 417 614 quid
433 553 555 596 necesse
571 534 640 610 erit,
662 534 738 595 malo
755 553 815 595 non
832 552 929 614 roges.
959 534 1000 595 M.
1016 534 1126 596 Geram
1141 535 1194 596 tibi

118 639 232 682 morem
248 631 277 683 et
299 639 351 695 ee,
376 639 451 699 quae
472 620 523 696 vis,
548 629 581 681 ut
595 627 701 699 potero
717 618 886 699 explicabo,
909 638 967 680 nec
986 628 1086 681 lamen
1111 621 1195 700 quasi

117 706 239 786 Pythius
255 705 377 785 Apollo,
394 714 474 766 certa
489 713 522 767 ul
535 705 596 766 sint
611 713 640 765 el
655 706 712 765 lixa
728 722 804 783 qnae
819 704 930 778 dixero,
952 705 1004 766 sed
1019 713 1053 765 ul
1067 706 1197 767 homun-
1216 716 1228 766 5

119 792 204 852 culus
226 810 304 856 nnus
317 809 334 851 c
349 790 450 851 multis
470 789 634 869 probabilia
654 789 826 850 coniectura
848 807 986 868 sequens.
1016 789 1101 850 Ultra
1117 791 1196 852 onim

119 895 180 955 quo
195 874 385 956 progrediar,
409 892 496 953 quarn
512 875 621 935 otveri
637 874 740 936 similia
754 874 877 949 videam,
900 893 962 935 non
983 874 1091 935 babeo:
1116 884 1197 938 certa

120 961 221 1022 dicent
237 961 265 1034 ii,
283 960 334 1039 qui
350 968 379 1020 et
395 959 509 1039 percipi
526 978 559 1020 ee
575 977 663 1039 posse
678 959 781 1020 dicunt
796 968 824 1020 et
840 978 871 1021 sc
887 959 1028 1039 sapientis
1043 977 1109 1020 esse
1124 979 1197 1039 pro·

120 1047 251 1106 fitentur.
282 1045 316 1105 Α.
339 1045 399 1119 Tu,
415 1053 448 1105 ul
461 1044 591 1105 videtur:
608 1064 664 1106 nos
679 1044 715 1104 ad
730 1044 907 1107 audiendum
924 1042 1019 1122 parali
1034 1063 1147 1107 sumus.

72 1143 103 1196 18
206 1128 248 1190 M.
265 1129 345 1190 Mors
363 1129 453 1208 igitur
468 1129 540 1208 ipsa,
564 1148 639 1208 qnae
660 1130 777 1190 videtur
792 1129 944 1190 notissima
959 1147 1007 1190 res
1022 1147 1105 1204 esse,
1127 1130 1197 1209 quid
1218 1137 1240 1188 ll

123 1215 161 1277 sit
182 1215 310 1295 primum
334 1221 378 1275 est
398 1214 567 1275 videndum.
605 1214 682 1275 Sunt
697 1215 776 1275 enim
802 1215 852 1293 qui
875 1214 1037 1275 discessum
1061 1215 1155 1276 animi
1181 1233 1198 1277 a

122 1319 251 1380 corpore
273 1307 381 1379 putent
404 1317 468 1360 csse
490 1306 633 1374 mortem3
667 1308 739 1360 sunt
760 1299 811 1377 qui
837 1299 952 1360 nullum
971 1309 1115 1361 censeant
1134 1299 1198 1360 lieri

122 1385 303 1460 discessum,
325 1383 377 1444 sed
392 1402 452 1445 una
467 1384 599 1445 animum
621 1391 651 1444 et
670 1401 779 1465 corpus
802 1383 937 1444 occidere
960 1382 1154 1465 animumque
1168 1385 1198 1445 in

158 1555 181 1603 1.
197 1549 375 1602 continentem
389 1552 546 1602 orationem.
561 1549 636 1602 Dem·
717 1551 872 1616 probabilia
901 1552 1054 1600 coniectura
1080 1564 1199 1614 sequens.

122 1621 222 1739 {emble
248 1619 310 1684 geht
327 1618 414 1670 Cicero
438 1618 473 1670 im
498 1618 636 1685 folgenden
687 1615 1200 1671 llicneuerendkademikcrhieltennur

146 1687 226 1754 epitel
243 1703 275 1738 zu
298 1685 355 1737 dein
378 1686 637 1752 zusammenhringen-
688 1684 979 1750 Wahrscheinlichlreil,
1002 1684 1072 1736 nicbl
1092 1683 1201 1738 Gewils·

121 1755 173 1807 den
201 1754 371 1820 Lehrrortrng
403 1755 473 1806 eines
504 1755 637 1806 einzelnen
688 1753 742 1805 heil
752 1754 792 1805 liar
801 1752 962 1818 ermioniae„
970 1752 1201 1819 Vgl.n.e.1l,40;

123 1823 194 1889 iiber,
213 1823 263 1874 wie
281 1837 308 1874 er
325 1822 370 1874 ihn
382 1823 409 1873 in
422 1823 505 1875 seiner
517 1822 638 1883 Quellen·
689 1824 730 1885 25,
744 1825 790 1882 603
808 1820 836 1872 ll.
850 1823 873 1884 2,
888 1825 912 1874 5.
945 1819 1015 1872 Uber
1032 1820 1081 1873 den
1100 1820 1202 1874 Akade-

124 1891 214 1944 schrift
249 1890 425 1957 vorgelunden
454 1891 538 1942 haben
569 1906 637 1956 mag.
688 1888 771 1940 miker
788 1887 862 1940 Philo
882 1889 919 1940 als
937 1887 1028 1948 Quelle
1046 1889 1091 1941 der
1104 1888 1204 1942 Tuscu-

126 1959 182 2025 Vgl.
201 1975 233 2010 zu
251 1962 276 2024 4,
295 1961 326 2011 8:
344 1958 483 2009 Socratica
501 1961 581 2010 ratio.
689 1958 765 2009 lanen
778 1972 798 2008 s.
812 1955 876 2009 Einl.
890 1955 917 2007 S.
928 1959 967 2020 11,
980 1956 1010 2009 Α.
1024 1960 1047 2007 1.

160 2028 183 2077 2.
201 2042 290 2076 nonna
306 2026 492 2092 respondebis?
530 2024 578 2075 Um
596 2024 638 2076 die
723 2025 796 2076 ultra
807 2049 838 2069 =
849 2025 964 2089 longiae,
983 2023 1061 2076 daher
1078 2041 1169 2090 qaam.

125 2092 338 2158 Verwunderung
360 2093 424 2144 fiber
444 2092 485 2144 die
503 2097 639 2145 erwartele
724 2095 747 2145 8.
758 2095 805 2157 qai
812 2096 837 2142 et
844 2094 950 2158 percipi
956 2094 1005 2145 cet.
1023 2091 1083 2144 Dies
1090 2092 1203 2145 Verbum

125 2158 638 2224 verneinendeAntwcrlauszudrdcken,
689 2159 1205 2227 bezeichnelimphilos.Sinnedasiiber

126 2226 191 2279 wird
217 2226 382 2293 gewdhnlieh
411 2243 466 2278 non
492 2227 568 2279 ellein
595 2243 639 2292 ge·
689 2228 757 2280 allen
783 2227 888 2280 Zweilel
911 2228 1038 2280 erhabenc
1058 2227 1203 2293 Erlrennen

125 2295 248 2356 braucht;
258 2294 311 2361 vgl.
321 2298 345 2360 ⁹1,
357 2296 402 2346 13:
419 2311 473 2346 reon
489 2296 586 2360 oldest,
597 2298 638 2362 21,
689 2295 802 2347 welches
815 2295 881 2347 nach
893 2295 937 2347 der
949 2295 1028 2348 Lebre
1043 2295 1087 2348 der
1101 2296 1205 2350 Stoiler

127 2367 175 2417 48:
192 2379 248 2414 aaa
263 2363 365 2429 pudet?
387 2363 456 2415 Aber
468 2363 534 2415 auch
551 2379 639 2415 nonae
691 2363 749 2415 dem
761 2362 865 2415 Weisen
884 2363 961 2415 allein
979 2363 1119 2430 zulromml,
1138 2380 1205 2418 wes-

125 2430 207 2483 findet
229 2431 284 2483 sich
305 2432 331 2482 in
354 2431 450 2484 diesem
469 2431 546 2484 Since
565 2431 639 2497 oller,
691 2430 751 2483 halb
769 2430 886 2482 derselbe
898 2431 964 2483 auch
979 2432 1020 2484 nie
1032 2431 1100 2484 irren
1118 2432 1204 2487 bonne

127 2516 148 2552 z.
162 2499 190 2552 B.
203 2515 228 2566 p.
241 2499 317 2554 Rosc.
331 2498 361 2551 A.
375 2503 416 2565 29,
430 2503 476 2554 80:
488 2499 585 2552 Nonne
597 2517 639 2551 co·
691 2503 774 2565 (carto
787 2499 878 2550 dicent
888 2501 931 2564 icl;
945 2498 997 2566 vgl.
1008 2500 1040 2551 dc
1049 2499 1092 2551 off.
1103 2500 1131 2553 ll.
1141 2503 1166 2566 2,
1177 2506 1192 2553 'l
1199 2521 1204 2552 :

121 2571 197 2634 gitas
210 2573 235 2619 te
247 2585 264 2619 a
275 2572 451 2620 sectatoribus
469 2571 521 2620 bac
538 2569 639 2620 addac-
691 2569 882 2634 quaerentibus
889 2570 988 2618 ramae
998 2573 1154 2620 constanter
1163 2568 1205 2630 sa·

128 2642 184 2688 tam
203 2640 273 2687 esse?
692 2651 751 2687 care
767 2635 920 2696 videamur,
946 2638 1007 2701 qai,
1024 2651 1085 2687 eam
1098 2640 1207 2704 percipi

162 2703 312 2768 Superbum
328 2703 359 2752 td
375 2703 481 2767 quidem
497 2708 545 2769 eet,
562 2704 640 2755 ndml.
690 2703 763 2754 nibil
768 2719 848 2769 passe
860 2704 989 2768 dicamus,
1004 2708 1093 2756 tomen
1105 2709 1131 2755 et
1143 2705 1207 2756 attia

127 2786 182 2822 non
205 2769 370 2835 respondere.
411 2767 460 2819 Der
477 2768 557 2821 lndik.
576 2772 641 2822 nach
693 2772 725 2822 de
751 2774 831 2822 rebus
853 2771 982 2823 disserere
1007 2771 1146 2826 soleamne.
1173 2801 1207 2812 -

128 2837 253 2903 Analogie
278 2851 330 2887 ron
355 2836 464 2901 longam
482 2843 522 2888 cst
538 2853 643 2888 aname-
692 2838 862 2891 Hinsichllieh
879 2838 924 2892 des
942 2838 988 2891 lnl.
1011 2857 1065 2891 esse
1081 2841 1125 2892 bei
1142 2857 1208 2907 pro·

128 2922 192 2957 rare
208 2922 233 2957 u.
250 2903 301 2970 dgl.
692 2906 805 2968 fitentur
822 2907 874 2972 rgl.
893 2906 1053 2970 z.11.4‚12:
1069 2923 1208 2973 gramma·

163 2976 187 3027 3.
204 2989 260 3025 noa
268 2987 356 3038 rogas,
364 2971 435 3023 nicht
444 2987 477 3022 nc
486 2987 573 3039 roges,
582 2972 642 3025 weil
693 2977 775 3026 ticum
795 2974 985 3040 representas.

129 3042 173 3094 der
185 3039 285 3107 Begriff
298 3055 350 3091 von
367 3054 467 3105 rogare
484 3040 510 3091 in
528 3041 582 3093 sein
595 3041 643 3094 Ge·
727 3045 750 3095 9.
770 3046 807 3107 ta,
826 3058 861 3094 sc.
879 3042 933 3104 sac.
959 3042 1016 3109 Vgl.
1029 3059 1052 3097 z.
1066 3046 1108 3107 11,
1121 3045 1168 3096 23:
1185 3046 1210 3094 ai

130 3109 225 3176 genteil
248 3107 402 3174 umgeliehrt
419 3107 522 3160 werden
540 3109 592 3161 und
609 3135 643 3154 =
689 3115 796 3176 possen
816 3111 978 3174 calciantur,
997 3125 1017 3163 s.
1030 3126 1052 3164 z,
1068 3113 1108 3173 11,
1119 3113 1168 3164 23;
1186 3114 1210 3164 et

130 3177 185 3230 sein
195 3176 245 3229 soll
258 3181 357 3237 taceas;
376 3175 429 3241 vgl.
443 3175 488 3228 das
502 3177 596 3243 griech.
610 3169 644 3234 οὐ
694 3179 810 3230 videtur.

130 3241 229 3315 φάναι.
549 3303 557 3319 ¹
731 3249 771 3298 11.
784 3246 934 3299 discessum.
948 3245 983 3298 So
993 3244 1067 3298 Plelo
1077 3246 1112 3298 im
1120 3246 1208 3300 Pbddo

164 3315 190 3364 4.
209 3315 286 3377 quaet
297 3312 412 3378 Pythius
423 3312 529 3379 Apollo,
547 3313 643 3379 griech.
695 3330 723 3385 p:
732 3316 765 3366 64
776 3314 803 3365 d:
816 3306 963 3384 ἧγούμεθά
973 3332 1006 3370 τε
1015 3307 1069 3369 τὸν
1077 3310 1210 3372 θάνατον

131 3373 171 3445 ὥς
183 3375 216 3435 ἐκ
225 3380 370 3450 τρίποδος,
382 3395 435 3432 von
447 3381 644 3434 zoversicbtlich
696 3386 783 3446 εἰναι,·
800 3411 834 3420 -
851 3371 909 3453 ἆρα
932 3378 970 3451 μὴ
989 3376 1059 3438 ἄλλο
1078 3401 1106 3439 τι
1124 3377 1143 3455 ἢ
1160 3377 1210 3454 τὴν

132 3447 319 3515 Sprechenden.
349 3448 386 3499 Zu
399 3452 471 3499 certa
485 3449 643 3515 etfiaavgl.
681 3452 745 3519 ιτῆς
778 3452 869 3520 ψυχῆς
901 3444 962 3508 ἀπὸ
992 3453 1047 3507 τοῦ
1074 3446 1210 3520 σώματος

131 3518 173 3582 36,
186 3519 233 3572 88:
250 3517 369 3568 stabilito
388 3521 414 3567 et
431 3515 496 3577 fiao,
696 3510 877 3589 ἀπαλλαγήν,

166 3586 190 3637 θ.
212 3602 283 3637 anas
305 3603 319 3637 c
340 3586 432 3636 maltis
445 3576 499 3636 ‘ein
521 3585 644 3651 gewdbn·
733 3588 771 3638 13.
789 3588 1026 3652 ana—eastingai.
1044 3585 1104 3654 vgr.
1119 3591 1161 3654 11,
1172 3591 1210 3643 24.

100 3659 104 3665 '
131 3652 212 3704 licber
229 3644 357 3708 lllenscb’.
386 3653 458 3707 Brut.
471 3656 512 3716 19,
525 3655 589 3704 214;
607 3653 642 3704 M.
695 3652 756 3706 Wer
775 3654 830 3706 dies
847 3654 938 3720 labris,
956 3671 976 3707 s.
995 3654 1081 3720 gleich
1100 3658 1211 3711 naebber

134 3719 253 3772 Calidius
275 3738 330 3772 noa
351 3721 410 3783 fait
433 3725 526 3772 orator
542 3736 645 3772 anaee
695 3721 894 3840 318nnd19.
935 3722 1009 3774 Auch
1032 3724 1212 3791 Aristoxenus,

131 3788 232 3852 multis,
244 3792 339 3854 potiar
360 3793 432 3841 inter
448 3791 545 3841 multos
557 3805 644 3856 propa
718 3790 818 3842 iciercb
829 3791 880 3843 und
889 3789 930 3842 die
939 3790 1085 3844 Atcmisten
1097 3794 1212 3860 gehdrcn

131 3856 281 3921 singularis
296 3855 361 3918 fait.
694 3857 803 3925 hierber,
821 3873 841 3911 s.
860 3860 876 3925 ξ
896 3861 1005 3912 20-22.
