2550 4410
157 164 217 223 138
471 159 565 212 tluuu
582 160 609 212 11.
628 162 670 225 22,
688 165 728 215 53.
747 163 789 226 23,
808 164 916 216 ot-oo.

155 335 305 417 patientia,
322 333 391 412 qnid
407 331 597 406 fortitudine,
614 330 683 410 quid
699 331 904 411 magnitudine
919 331 1012 394 animi
1028 332 1226 413 dignissimum

154 423 209 495 sit,
233 439 292 480 non
315 419 410 480 solnm
432 417 562 478 animum
585 417 769 497 comprimit,
796 418 847 479 sed
870 416 967 497 ipsum
989 418 1083 479 etiam
1103 417 1225 481 dolorem
1262 468 1265 505 ,

157 505 258 568 nescio
274 522 333 583 quo
349 510 435 582 pacto
452 502 599 562 mitiorem
614 502 692 562 lacit.
1263 510 1265 517 ·

88 594 144 665 ,28
240 590 280 651 Ut
294 588 374 649 enim
389 588 421 647 tlt
436 586 467 646 in
482 586 605 665 proelio,
621 594 654 647 nt
667 586 790 665 ignavus
806 586 889 649 miles
904 605 939 648 uc
950 587 1085 662 timidus,
1102 588 1226 651 simulac
1263 584 1265 645 ἶ

106 687 135 737 tl
156 675 261 737 viderit
274 675 401 747 hostem,
423 672 537 732 abiecto
553 681 639 733 scuto
653 671 754 750 fugiat,
772 680 916 750 quantum
931 673 1038 751 possit,
1054 671 1098 733 ob
1114 690 1226 752 eamque
1239 672 1265 731 li

156 778 272 823 causam
296 765 400 839 pereat
420 776 481 817 non
505 775 667 835 numquam
691 757 777 817 etiam
799 757 917 835 integro
938 775 1086 836 corpore,
1109 757 1226 831 cumei,
1262 764 1265 801 ἵ

155 847 206 927 qui
218 845 340 915 steterit,
356 841 430 902 nihil
441 840 498 902 tale
511 841 651 913 evenerit,
667 842 719 914 sic,
735 841 786 920 qni
801 841 912 903 doloris
926 842 1061 921 speciem
1076 844 1226 906 ferreum
1262 864 1265 897 2

155 937 296 1012 possunt,
318 926 450 987 abiciunt
467 944 499 986 se
514 933 602 1004 atque
618 926 658 987 ita
678 926 785 988 adflicti
808 934 838 987 ct
857 926 1017 989 exanimati
1037 927 1159 1005 iacent3
1185 927 1227 1007 qui
1262 922 1265 935 '

155 1025 252 1077 antem
272 1011 460 1082 restiterunt,
482 1009 638 1071 discedunt
658 1011 827 1089 saepissime
846 1011 1033 1091 superiores;
1061 1022 1138 1074 sunt
1159 1012 1227 1074 enim
1263 1054 1265 1063 ·

156 1181 331 1263 corporibus
346 1180 459 1241 facilins
474 1181 628 1253 teruntur,
650 1181 780 1242 remissis
795 1180 990 1261 opprimunt,
1005 1182 1159 1244 simillime
1173 1181 1226 1243 ani·
1262 1162 1265 1245 !

155 1287 221 1330 mus
236 1266 403 1327 intentione
424 1283 477 1325 sua
499 1264 619 1343 depellit
634 1283 769 1344 pressum
785 1284 905 1327 omnem
926 1267 1116 1345 ponderum,
1134 1267 1227 1329 remis-

105 1365 133 1415 m
155 1353 240 1416 sione
254 1359 352 1412 antem
367 1351 409 1411 sic
424 1358 556 1429 urgetur,
578 1359 613 1411 nt
627 1369 659 1412 se
676 1359 803 1430 nequeat
823 1350 973 1412 extollere.
1012 1351 1069 1431 Et,
1093 1352 1121 1414 si
1135 1369 1227 1414 verum

156 1437 333 1518 quaerimus,
348 1435 379 1496 in
396 1435 534 1495 omnibns
550 1435 654 1497 olliciis
668 1435 883 1516 persequendis
898 1435 989 1497 animi
1005 1444 1052 1498 est
1066 1436 1228 1499 adhibendo

110 1590 112 1595 Ι
156 1521 325 1596 contentio;
347 1539 380 1580 ea
403 1528 447 1581 est
462 1519 522 1581 sola
544 1520 634 1580 officii
648 1528 798 1599 tamquam
820 1520 960 1582 custodia.
997 1520 1058 1583 Sed
1072 1521 1136 1585 hoc
1157 1522 1260 1585 iamt

155 1608 185 1669 in
202 1608 304 1668 dolore
319 1623 454 1666 maxume
476 1613 522 1666 est
543 1605 773 1685 providendum,
798 1623 836 1666 ne
859 1605 1079 1684 quid'abieete‚
1103 1604 1228 1687 nequid

154 1692 263 1766 timide,
280 1710 317 1752 ne
334 1691 402 1769 quid
418 1691 530 1769 ignave,
548 1708 586 1750 ne
602 1689 671 1768 qnid
687 1691 833 1751 serviliter
844 1689 1066 1752 muliebriterve
1082 1691 1227 1765 faciamus,

155 1778 185 1839 in
201 1777 364 1859 primisque
389 1776 536 1837 refutetur
551 1793 585 1836 ac
600 1775 738 1836 reiciatur
754 1775 952 1838 Philocteteus
966 1775 1016 1837 ille
1031 1775 1158 1839 clamor.
1186 1777 1228 1839 ln·

157 1880 325 1943 gemescore
349 1879 409 1921 non
434 1877 596 1938 numquam
616 1860 678 1921 viro
701 1878 876 1921 concessum
899 1868 944 1922 est
957 1860 1048 1939 idque
1064 1879 1154 1937 raro,
1175 1863 1228 1924 eiu·

155 1950 231 2009 latus
246 1966 284 2008 nc
300 1944 416 2006 mulieri
432 1944 560 2022 quidem.
590 1944 628 2005 Et
643 1945 691 2005 hic
707 1944 848 2006 nimirum
863 1953 908 2006 est
928 1945 1031 2021 fletus,
1053 1964 1149 2025 quem
1163 1948 1261 2009 due!

103 2041 132 2090 56
153 2033 249 2093 decim
271 2030 389 2090 tabulae
404 2029 434 2088 in
457 2028 612 2090 funeribus
634 2029 766 2090 adhiberi
786 2038 953 2091 vetuerunt
989 2030 1053 2092 Nec
1074 2050 1150 2094 vero
1171 2044 1228 2093 utn-

154 2133 241 2194 quam
258 2134 296 2175 ne
311 2112 485 2192 ingemescit
506 2112 624 2190 quidem
639 2115 683 2175 vir
704 2115 790 2176 sortis
810 2133 845 2176 ac
865 2115 997 2194 sapiens,
1021 2115 1081 2178 nisi
1102 2117 1181 2178 lorte
1201 2124 1229 2177 ut

153 2219 185 2261 se
200 2198 335 2259 intendat
350 2198 386 2257 ad
400 2198 579 2272 firmitatem,
595 2207 628 2260 ut
643 2199 674 2259 in
690 2199 784 2261 stadio
800 2217 939 2261 cursores
949 2198 1131 2279 exclamant,
1147 2219 1228 2282 quam

153 2283 278 2344 maxime
293 2289 428 2361 possunt.
458 2281 584 2343 Faciunt
598 2284 689 2359 idem,
713 2302 780 2344 cnm
796 2293 987 2359 exercentur,
1008 2286 1158 2364 athletae,
1178 2304 1228 2367 pu·

187 2403 210 2453 2.
229 2403 348 2451 animum
370 2401 530 2464 comprimit.
552 2399 667 2450 Animus
756 2403 794 2453 14.
797 2401 1009 2531 ἄπιοᾳκσπάίε.
1042 2400 1204 2470 lidufigcrm

152 2469 208 2522 hier
225 2469 259 2520 im
273 2482 383 2534 engeren
396 2458 544 2521 Sinne=d
564 2461 664 2534 demde,
717 2467 796 2519 Cice
832 2471 902 2521 edum
915 2472 1032 2535 eccequi,
1050 2469 1119 2525 nu.
1135 2472 1190 2525 (lut.
1222 2507 1228 2521 .

153 2537 193 2590 die
207 2537 390 2599 Leidenschalt,
402 2539 446 2586 ira
460 2534 487 2599 (l.
502 2538 542 2598 10,
556 2537 605 2600 20).
629 2533 664 2587 So
719 2539 759 2599 10,
778 2539 824 2588 34:
844 2540 933 2589 omnia
951 2540 1063 2656 eccequi
1078 2542 1190 2604 regico
1220 2567 1229 2576 ·

152 2623 177 2674 p.
187 2605 264 2658 Marc.
275 2607 337 2668 3,8:
351 2605 471 2655 animum
483 2606 596 2667 vincere,
609 2606 665 2653 iro·
716 2607 759 2655 cia
787 2608 813 2654 et
838 2621 962 2665 mmmmm
988 2619 1044 2671 vg.
1066 2603 1147 2659 Tusc.
1170 2606 1229 2674 disp.

152 2674 277 2725 cundiam
301 2673 540 2723 cohibere—boec
557 2673 606 2736 qui
622 2669 664 2730 fo·
714 2671 753 2723 lll.
766 2675 790 2737 7,
805 2676 850 2726 15:
868 2673 905 2725 ad
918 2673 1121 2739 exsequendum
1139 2690 1229 2727 murem

153 2744 215 2805 ciat,
234 2756 292 2790 emm
310 2739 476 2789 simillimum
494 2739 542 2789 deo
560 2738 663 2799 iudieo;
714 2755 800 2790 mum.
1010 2779 1013 2786 .

152 2808 210 2860 llor.
224 2808 299 2872 epist.
309 2807 326 2857 l.
342 2809 366 2871 2,
381 2807 425 2858 63:
441 2807 510 2856 mum
524 2807 551 2868 (i.
567 2821 589 2858 e.
605 2809 664 2857 ani·
751 2810 791 2860 18.
809 2809 921 2861 Philoct.
932 2807 979 2859 ille
996 2807 1112 2875 clamor,
1130 2825 1153 2866 e.
1164 2814 1189 2876 l,
1201 2811 1227 2864 13

152 2876 233 2938 mum)
256 2873 355 2936 frenis,
383 2875 454 2922 lrunc
481 2878 510 2922 tu
532 2889 665 2938 compesce
715 2891 740 2927 u.
761 2877 801 2938 14,
820 2877 861 2927 33.

154 2947 255 2994 catena.
290 2940 347 3006 Vgl.
367 2939 408 2993 lv.
429 2942 468 3002 18,
487 2943 527 2991 41.
752 2947 792 2997 19.
811 2943 899 3008 idque,
917 2942 968 2994 wie
986 2943 1043 2995 sich
1055 2959 1103 2997 aus
1116 2944 1229 2999 (1611121-

188 3015 211 3064 7.
246 3012 372 3075 speeiem,
394 3008 440 3059 des
461 3008 588 3073 (geistige)
607 3008 666 3061 Bild
716 3011 916 3077 sammenhange
934 3010 1047 3077 ergiebt:
1061 3012 1229 3078 jedochnmr

153 3079 198 3131 des
217 3078 263 3129 mit
281 3077 363 3128 ciuem
376 3075 664 3142 Feindeverglicheneu
716 3077 831 3145 hiuhger
859 3077 955 3145 kndplt
984 3094 1035 3144 que
1067 3081 1140 3134 nach
1166 3082 1229 3135 eloe

154 3147 315 3209 Schmerzes,
334 3144 450 3196 welchen
469 3159 526 3194 man
545 3144 664 3197 hommen
716 3146 844 3212 Negation
863 3146 938 3198 einen
956 3145 1103 3211 Gegensatz
1124 3165 1167 3216 en,
1184 3149 1229 3201 wie

153 3214 235 3279 sieht,
262 3212 286 3264 d.
311 3213 327 3264 i.
351 3212 392 3264 die
414 3211 581 3279 Vorstellnng
604 3228 664 3264 vom
717 3214 891 3276 oben6,16;
913 3217 952 3278 18,
970 3216 1004 3266 42
1021 3230 1048 3270 n.
1067 3231 1094 3268 o.

154 3282 282 3335 Schmerz.
318 3280 375 3346 Vgl.
394 3282 435 3347 22,
453 3282 493 3333 52.
752 3283 1045 3335 mutatoriorum
1060 3281 1228 3351 comment

152 3398 168 3416 .„
189 3354 228 3404 11.
247 3351 448 3416 corporibus-
466 3350 581 3400 animus.
616 3347 666 3400 Iler
719 3354 760 3415 14,
778 3352 824 3403 30:
842 3351 881 3401 Et
896 3353 1025 3402 nimirum
1043 3353 1113 3403 haec
1131 3357 1181 3406 cet.

151 3418 359 3485 Ubergangvom
369 3416 437 3469 Plur.
451 3431 508 3468 zum
522 3415 602 3481 Sing,
615 3417 665 3469 wie
750 3418 888 3470 duodecim
912 3419 1027 3470 tabulae.
1073 3419 1124 3475 ure
1147 3420 1229 3474 uoce

152 3487 190 3542 lll.
211 3491 256 3553 10,
274 3488 318 3539 23:
345 3488 434 3551 aegros
457 3486 664 3548 corporibus-
716 3485 762 3538 des
777 3486 899 3539 Gesetzes
917 3486 1031 3539 lauteten
1049 3488 1120 3542 nach
1133 3490 1186 3543 (lie.
1201 3487 1229 3541 de

152 3558 237 3607 animi
246 3554 401 3620 aegritudm
411 3552 452 3619 lV,
462 3556 501 3617 10,
511 3552 557 3604 23:
566 3555 666 3604 morbis
716 3554 767 3620 leg.
785 3553 813 3605 lt.
832 3556 873 3618 23,
886 3557 933 3608 59:
952 3553 1081 3608 Multum
1095 3572 1186 3623 genoe
1200 3572 1229 3608 m

153 3621 585 3688 corporum-morborumauimi.
606 3619 664 3672 Um·
715 3622 835 3674 reducto
852 3638 918 3673 neue
935 3622 1030 3673 braum
1040 3622 1154 3686 funeris
1171 3640 1229 3693 ergo

153 3689 261 3756 gehehrt
278 3689 351 3741 stand
369 3689 386 3742 l.
407 3693 446 3753 ll,
466 3691 498 3740 40
516 3688 560 3739 der
578 3688 663 3741 Plural
715 3691 837 3742 habento.

153 3761 238 3809 animi
255 3758 337 3810 neben
356 3758 413 3809 dem
432 3756 503 3822 Sing.
523 3772 628 3823 corpur.
749 3761 790 3811 21.
808 3757 991 3811 Nee-ne-
1004 3761 1126 3825 quidem,
1138 3777 1162 3817 s.
1173 3760 1230 3816 ml.

187 3827 350 3891 opprimunt,
368 3840 404 3876 sc.
423 3840 545 3890 corpora.
716 3828 756 3892 22,
775 3828 816 3878 53.
