2550 4410
122 115 162 173 80
361 123 367 134 '
502 112 595 166 LIBER
613 115 631 167 l.
650 116 690 178 34,
710 117 750 167 83.
769 116 810 169 84.

122 308 180 368 que
195 288 259 348 sine
274 305 380 356 sensu,
405 305 465 347 uon
483 305 645 365 numquam
660 286 748 348 etiam
764 304 831 347 eum
847 286 1017 366 voluptate,
1045 293 1187 367 totumqu

122 377 178 435 hoc
193 374 255 433 leve
270 382 327 447 est,
355 372 569 451 qualecumque
592 381 651 445 est;
681 372 714 431 fit
735 372 812 432 enim
829 370 864 431 ad
880 380 1032 450 punctum
1047 372 1185 453 temporis

71 470 100 520 83
123 459 197 520 lllud
213 458 294 537 angit
308 459 353 519 vel
375 457 474 536 potius
496 457 659 531 excruciat,
680 456 828 518 discessus
842 455 879 516 ab
896 456 1041 518 omuibus
1055 457 1110 533 iis,
1126 474 1186 536 quas

121 553 191 606 sunt
211 543 290 604 bona
312 543 341 604 in
357 544 423 602 vita.
454 543 525 603 Vide
542 561 580 603 ne
595 560 611 601 a
626 542 710 603 malis
725 541 781 602 diei
797 541 896 603 verius
911 541 1018 621 possit.
1048 542 1130 614 Quid
1143 560 1185 623 ego

123 648 202 691 nunc
224 630 339 707 lugeam
362 628 448 688 vitam
466 625 646 687 hominum?
675 627 750 687 Vere
766 635 796 687 et
810 626 875 687 iure
890 645 1034 706 possum;
1064 627 1184 707 sedquii
1200 637 1205 678 ῖ
1224 659 1227 706 t

122 734 242 777 rtecesse
258 723 311 787 est,
328 732 393 773 cum
411 713 439 772 id
455 731 554 792 agam,
571 731 609 772 ne
620 720 688 793 post
701 720 828 772 mortem
843 712 968 773 miseros
984 731 1045 774 nos
1059 721 1184 793 putemu

122 804 200 874 lore,
217 799 303 860 etiam
319 799 404 858 vitam
422 799 540 858 elheere
552 797 734 876 deplorando
750 795 956 858 miseriorem?
985 796 1130 859 Fecimus
1141 799 1185 859 hoo

121 886 150 945 in
167 904 203 945 eo
218 883 311 955 libro,
334 883 363 943 in
381 900 439 960 quo
455 883 680 961 nosmetipsos,
704 889 848 960 quantum
863 881 1028 961 potuimus,
1052 881 1184 945 consolati

122 987 233 1030 sumus.
259 968 283 1026 Α
300 967 382 1027 malis
394 968 484 1046 igitur
495 986 576 1028 mors
587 967 716 1041 abducit,
733 987 793 1028 non
807 966 932 1041 abonis,
947 986 1055 1028 verum
1066 969 1093 1030 si
1109 986 1184 1048 quae

122 1053 222 1114 rimus.
259 1052 297 1112 Et
313 1052 430 1130 quidem
447 1053 504 1114 hoc
519 1072 535 1113 a
552 1052 713 1133 Cyrenaico
728 1052 852 1131 Hegesia
868 1052 910 1113 sic
926 1053 1051 1132 copiose
1065 1053 1184 1133 disputa

122 1148 180 1210 tur,
196 1146 229 1197 ut
244 1138 268 1198 is
284 1156 299 1196 a
316 1155 385 1216 rege
401 1137 571 1198 Ptolomaeo
583 1137 749 1217 prohibitus
765 1157 828 1198 esse
844 1138 958 1197 dicatur
972 1137 1025 1199 illa
1040 1139 1072 1199 in
1089 1138 1184 1200 scholis

121 1223 234 1295 dicere,
258 1223 336 1301 quod
363 1222 447 1283 multi
474 1223 509 1284 iis
529 1223 635 1285 auditis
657 1230 782 1283 mortem
806 1222 932 1302 sibiipsi
960 1224 1182 1285 consciscerem

68 1322 97 1373 84
119 1308 286 1369 Callimachi
321 1307 440 1386 quidem
466 1308 644 1387 epigramma
669 1308 700 1368 iu
726 1308 942 1368 Ambraciotam
970 1307 1183 1370 Cleombrotum

121 1403 174 1464 est,
195 1412 281 1471 quem
297 1393 345 1464 ait,
362 1411 430 1452 eum
446 1393 472 1452 ei
488 1393 561 1454 nihil
576 1393 729 1454 accidisset
740 1393 861 1467 adversi,
884 1410 900 1452 e
915 1410 1002 1454 muro
1019 1412 1052 1454 se
1068 1394 1099 1455 in
1116 1411 1183 1454 mare

120 1478 260 1538 abiecisse
282 1478 358 1538 lecto
380 1478 512 1539 Platonis
527 1478 613 1539 lihro.
650 1477 721 1539 Eius
737 1486 845 1552 autem,
862 1495 949 1555 quem
965 1477 1036 1554 dixi,
1052 1478 1183 1558 Hegesiae

119 1563 195 1623 liber
210 1573 254 1623 est
265 1553 534 1647 Άποκαρτερῶν,
557 1564 587 1624 in
604 1582 663 1642 quo
680 1582 695 1623 a
711 1564 768 1624 vita
783 1563 901 1642 quidam
916 1581 971 1643 per
986 1563 1121 1625 inediam
1135 1564 1183 1629 ds

120 1648 229 1709 cedens
251 1658 406 1709 revocatur
432 1648 467 1708 ab
488 1648 608 1722 amicis,
630 1648 739 1727 quihus
753 1647 940 1727 respondens
955 1647 1031 1709 vitae
1047 1649 1183 1711 humanae

121 1743 276 1795 enumerat
290 1733 485 1796 incommoda.
515 1734 636 1795 Possem
661 1733 739 1794 idem
761 1735 877 1807 lacere,
904 1734 958 1795 etsi
978 1733 1081 1796 minus
1105 1751 1182 1813 quam

119 1821 183 1895 ille,
210 1821 260 1899 qui
284 1820 407 1881 omnino
430 1819 526 1880 vivere
552 1820 690 1898 expedire
716 1818 827 1879 nemini
853 1826 946 1899 putat.
978 1818 1078 1880 -lllitto
1104 1819 1182 1893 ahos

118 1905 246 1966 etiamne
262 1905 348 1966 nobis
364 1902 503 1983 expedit?
528 1904 579 1982 qui
601 1912 630 1965 et
653 1904 822 1965 domesticis
843 1912 872 1964 et
887 1903 1061 1965 forensibus
1076 1903 1182 1966 solaciis
1206 1909 1207 1912 ’

118 2020 162 2072 der
187 2019 409 2084 Satzverhindung
435 2018 487 2084 vgl.
515 2022 560 2083 21,
583 2023 628 2073 49:
680 2025 754 2072 unter
772 2019 921 2071 Ptolemaeo
938 2019 1133 2087 Philadelphus.
1158 2019 1183 2071 Er

119 2088 196 2150 Quod
211 2092 242 2137 nt
258 2090 297 2137 ita
314 2091 397 2139 sit-
411 2085 546 2150 gloriam?
572 2087 629 2139 Nee
679 2083 1182 2153 1141141411ΒείηοωεηΠεισιθάνατος.

119 2163 206 2204 tamen
224 2160 285 2215 cet.;
303 2155 331 2206 ll.
349 2157 390 2219 21,
403 2157 449 2206 47:
468 2154 499 2206 Si
510 2155 581 2206 nihil
590 2173 628 2206 es·
713 2158 878 2223 disputetur,
900 2156 927 2207 in
947 2155 1006 2208 dem
1023 2148 1182 2231 Ἀποκαρτε·

116 2228 157 2273 set
173 2223 260 2284 alind,
284 2224 354 2273 nihil
376 2227 442 2273 esset
462 2224 568 2275 homine
585 2225 629 2275 de·
679 2226 740 2295 ρῶν
757 2227 787 2288 (s.
805 2226 820 2289 ᾖ
840 2226 891 2281 Sil.

117 2290 240 2352 somnies.
277 2290 330 2341 Sed
343 2295 451 2356 praesto
469 2293 627 2344 esidomino
714 2296 754 2346 11.
771 2296 802 2343 in
818 2293 922 2357 scholis,
941 2291 992 2343 wie
1009 2295 1034 2356 4,
1053 2296 1079 2347 ’1.

100 2362 235 2411 omnium
252 2363 279 2409 et
294 2361 389 2424 regino
407 2362 487 2410 ratio
714 2363 753 2414 13.
773 2360 937 2412 Callimachi.
960 2358 1134 2412 Callimachus
1145 2374 1183 2413 sus

151 2433 177 2478 at
198 2428 231 2491 fit
254 2432 302 2480 eet.
336 2427 382 2480 Die
400 2427 573 2494 Begrundung
589 2428 625 2480 ist
678 2428 784 2496 Cyrene,
796 2443 838 2480 um
849 2431 899 2481 250
908 2429 935 2479 in
945 2427 1110 2493 Alexandria,
1118 2427 1182 2481 men

116 2496 142 2548 iu
160 2497 236 2549 freier
248 2496 335 2549 Weise
354 2497 432 2550 durch
445 2496 502 2549 eine
514 2496 626 2563 llopula·
678 2504 724 2562 ter,
749 2495 1016 2548 Geschiehtsehreiher
1032 2497 1087 2548 und
1105 2496 1184 2549 Gram-

116 2565 264 2632 tivpartihel
277 2565 563 2632 angehniipltworden;
577 2581 627 2631 qne
678 2564 794 2616 matiher.
830 2563 907 2616 Seine
924 2563 1043 2631 Hymnen
1061 2564 1116 2617 und
1131 2564 1183 2645 Epi·

116 2634 152 2695 (in
165 2635 309 2714 totumque)
328 2633 388 2684 laist
403 2633 449 2684 das
461 2632 571 2699 Gesagte
583 2647 627 2683 zu·
679 2648 791 2698 gramme
803 2633 886 2685 haben
899 2632 947 2683 wir
958 2632 1033 2684 noch.
1069 2631 1121 2685 Das
1136 2633 1183 2684 lues

117 2716 244 2752 sammaa:
272 2701 324 2752 und
338 2696 505 2766 uberhaupt’‚
523 2700 573 2753 wic
586 2704 626 2766 43,
678 2701 806 2766 gemeinte
823 2701 907 2767 Epigr.
926 2703 959 2752 24
976 2700 1073 2753 laniet:

120 2771 178 2820 104:
197 2773 306 2832 totaque
323 2769 355 2818 de
371 2770 487 2819 ratione.
678 2766 771 2833 Εἴπας
788 2758 884 2834 „hilis
900 2774 1002 2840 χαῖρε“
1021 2762 1182 2840 Klsdppoo

151 2838 176 2888 2.
195 2837 232 2887 ad
243 2841 375 2902 punctum
388 2839 520 2902 temporis,
538 2852 569 2887 zu
588 2852 625 2888 er·
886 2855 937 2900 τος
960 2827 1165 2907 ὥμβρακιῶτης

117 2903 204 2955 hliren
218 2903 281 2955 nach
295 2906 337 2969 37,
346 2907 390 2956 99:
404 2904 539 2954 addenem
550 2906 625 2956 milio
703 2894 808 2960 ‘'lliee'
824 2897 880 2976 ἀφ’
891 2898 1003 2974 iuniori
1019 2904 1134 2975 τείχεος
1148 2901 1182 2967 εἰς

117 2988 264 3038 annornm3
290 2970 320 3023 V.
339 2974 379 3037 22,
398 2974 444 3024 63:
469 2972 506 3022 ad
531 2973 626 3023 doram
885 2965 973 3043 ἀΐδην,

116 3041 284 3091 destinatam.
673 3035 764 3106 ’Ἄξιον
776 3033 857 3098 οὐδὲν
869 3036 937 3096 ἰδὼν
947 3033 1080 3096 θανᾶτου
1088 3033 1182 3104 κακόν,

151 3112 175 3159 4.
197 3108 266 3159 Iside
282 3124 324 3172 ne,
347 3107 399 3173 vgl.
417 3106 444 3159 ll.
465 3110 505 3171 18,
524 3110 555 3160 43
574 3108 626 3160 und
885 3101 957 3164 ἀλλὰ
976 3103 1133 3175 Πλάτωνος

115 3175 157 3229 lV.
176 3178 216 3240 22,
236 3179 276 3230 50.
308 3176 409 3228 Ebeoso
427 3177 564 3226 videamus
580 3192 625 3227 na:
703 3171 754 3231 Ἓν
765 3170 799 3232 τὸ
812 3179 878 3248 περὶ
890 3178 982 3248 ψυχῆς
996 3170 1110 3248 γράμμ’
1122 3169 1182 3235 ἅνα-

115 3244 154 3299 111.
172 3247 197 3306 6,
217 3246 256 3297 13.
884 3242 1047 3312 λεξάμενος.

151 3315 175 3367 8.
192 3315 223 3362 in
235 3329 265 3363 eo
278 3312 356 3377 libro,
370 3313 396 3363 in
409 3311 454 3364 der
466 3311 625 3374 Consolatio;
715 3315 752 3364 15.
765 3312 886 3363 Platonis
898 3314 1182 3377 abrenuntiacione

115 3398 136 3435 s.
153 3396 186 3434 au
204 3383 246 3447 26,
264 3383 305 3434 65.
678 3396 710 3432 zu
730 3381 856 3444 Hegesiae
875 3381 928 3447 vgl.
948 3383 987 3446 13,
1006 3384 1051 3435 29:
1065 3385 1183 3450 physion.

149 3454 174 3504 9.
191 3465 284 3501 aarum
300 3450 326 3500 si
343 3450 504 3514 quominus,
523 3448 576 3514 vgl.
594 3463 626 3498 au
714 3451 753 3502 18.
780 3451 890 3513 Possm,
908 3464 928 3500 s.
947 3464 979 3500 zu
996 3448 1035 3502 lll.
1053 3452 1079 3513 4,
1099 3455 1127 3503 l:
1142 3465 1184 3517 po·

114 3521 157 3583 47,
177 3520 236 3572 112:
256 3532 347 3568 omnent
363 3520 388 3567 si
405 3517 481 3583 loqui
497 3517 626 3567 columns.
677 3522 771 3567 ieram.

150 3589 190 3640 10.
208 3587 330 3651 Hegesia.
362 3583 492 3651 Hegesias,
510 3599 562 3635 von
581 3584 626 3636 der
712 3588 751 3638 19.
768 3583 1000 3650 Mitto=omitto,
1012 3585 1064 3636 wie
1077 3601 1103 3653 p.
1116 3584 1184 3639 Sulla

114 3650 210 3705 Sshnle
222 3654 266 3705 der
278 3652 432 3720 Cyrenaiher
450 3653 489 3715 (so
505 3657 625 3717 genennt,
676 3655 716 3717 25,
733 3654 778 3704 1οι
795 3656 827 3702 nt
843 3652 897 3703 alia
914 3655 1061 3717 mittamus,
1079 3671 1106 3709 u.
1124 3658 1149 3707 ὃ.

114 3718 177 3773 well
193 3718 234 3772 ihr
245 3718 336 3773 Slilter
347 3721 494 3787 Aristippus
511 3734 557 3772 aus
576 3720 625 3787 Cy·
710 3722 750 3771 20.
763 3722 885 3787 etiamne,
894 3735 915 3772 s.
924 3737 955 3773 zu
965 3723 1007 3785 21,
1014 3724 1059 3773 dl:
1069 3728 1185 3788 peteme.

115 3788 273 3853 senemr),
296 3788 365 3841 lebte
388 3804 431 3841 um
455 3790 504 3840 280
523 3803 548 3843 v.
566 3788 623 3841 Chr.
709 3787 860 3838 domesticis
894 3818 926 3827 -
963 3795 1186 3860 ornamentisque
1225 3798 1227 3803 '
