2550 4410
154 133 194 192 68
533 134 626 187 uuna
643 135 661 189 r.
679 138 720 201 m,
738 138 778 189 oa.
797 139 839 190 ce.

157 307 236 366 llaec
262 325 318 366 nos
339 306 468 385 primum
490 307 526 366 ad
547 307 663 367 illorum
680 308 807 381 cultum,
829 307 936 367 deinde
952 306 987 367 ad
1002 307 1049 368 ius
1062 306 1225 381 hominum,

158 391 237 470 quod
257 391 346 452 situm
369 399 414 452 est
434 392 465 451 in
481 393 599 470 generis
613 392 733 452 humani
748 393 901 467 societate,
925 400 987 453 tum
1004 392 1039 452 ad
1054 393 1225 454 modestiam

157 476 451 555 magnitudinemque
471 476 561 537 animi
576 477 713 551 erudivit,
736 479 896 556 eademque
911 477 946 537 ab
962 477 1063 538 animo
1078 485 1224 557 tamqnam

154 562 192 622 ab
205 563 299 624 oculis
311 562 465 641 caliginem
478 561 607 641 dispulit,
621 570 655 622 ut
667 563 766 624 omnia
778 580 885 643 supera
897 562 1001 637 infera,
1017 561 1115 641 prima
1127 564 1223 624 ultima

154 647 248 708 media
264 648 439 708 videremus.
1236 650 1248 706 't

103 746 132 795 65
239 733 365 793 Prorsus
379 733 452 792 haec
471 732 567 791 divina
582 731 653 791 mihi
672 731 786 792 videtur
797 731 848 805 vis,
872 749 947 811 quae
961 738 1006 792 tot
1015 750 1065 795 res
1082 732 1189 794 efficiat
1199 742 1224 794 et

154 826 259 879 tantas.
290 817 367 888 Quid
382 825 425 877 est
441 818 519 877 enim
534 816 676 877 memoria
691 834 792 877 rernm
807 825 837 876 et
851 815 1033 878 verborum?
1050 818 1121 896 quid
1137 837 1222 898 porro

154 900 309 964 inventio?
338 901 474 962 Profecto
490 902 534 975 id,
557 920 616 980 quo
639 921 678 962 ne
698 902 728 961 in
751 902 806 961 deo
822 901 942 979 quidem
957 902 1118 981 quicquam
1133 903 1223 965 maius

154 986 284 1064 intellegi
299 994 405 1067 potest.
434 987 500 1046 Non
517 987 596 1047 enim
611 986 757 1047 ambrosia
771 986 843 1047 deos
857 995 907 1048 aut
922 997 1041 1048 nectare
1055 996 1108 1049 aut
1121 988 1222 1049 luven-

154 1080 213 1132 tate
227 1072 334 1150 pocula
350 1071 535 1132 ministrante
550 1072 652 1132 laetari
664 1071 801 1145 arbitror,
818 1089 874 1133 nec
885 1072 1046 1135 Homerum
1063 1073 1162 1148 audio,
1177 1073 1222 1152 qui
1238 1079 1253 1131 a

155 1157 345 1236 Ganymeden
367 1156 404 1216 ah
426 1157 471 1218 dis
493 1164 611 1235 raptum
631 1157 671 1218 ait
691 1164 815 1237 propter
836 1158 978 1232 formam,
999 1166 1034 1218 nt
1047 1157 1109 1219 lovi
1123 1158 1222 1220 bihere

155 1242 352 1316 ministraret,
368 1261 429 1302 non
447 1242 522 1303 iusta
537 1260 624 1302 causa
640 1260 693 1302 cur
705 1242 898 1303 Laomedonti
911 1250 992 1303 tanta
1007 1245 1093 1304 fieret
1108 1243 1221 1305 iniuria.

155 1327 300 1407 Fingebat
321 1328 394 1388 haec
408 1327 556 1389 Homerus
571 1336 600 1388 et
614 1328 742 1388 humana
761 1327 797 1386 ad
811 1327 884 1388 deos
898 1328 1096 1390 transferebat
1101 1347 1110 1404 ;
1130 1329 1223 1390 divina

155 1413 272 1473 mallem
292 1411 329 1473 ad
344 1430 409 1472 nos.
455 1413 538 1483 Quae
560 1420 657 1474 autem
672 1409 792 1473 divina?
821 1412 936 1491 vigere,
951 1431 1066 1492 sapere,
1083 1413 1221 1488 invenire,

154 1498 333 1559 meminisse.
646 1531 648 1534 >
1235 1502 1252 1555 a

240 1583 318 1662 Ergo
334 1582 459 1656 animus,
474 1589 508 1642 ut
523 1600 577 1661 ego
593 1582 668 1655 dico,
692 1581 808 1643 divinus
823 1588 883 1654 est,
906 1590 939 1642 nt
953 1581 1112 1660 Euripides
1127 1582 1221 1644 dicere

111 1664 120 1685 ²
153 1668 250 1743 audet,
265 1668 351 1742 deus,
367 1676 397 1728 et
411 1668 538 1746 quidem,
554 1667 579 1728 si
593 1668 666 1729 deus
680 1676 731 1727 aut
744 1667 842 1727 anima
857 1674 907 1727 aut
921 1666 998 1744 ignis
1014 1673 1075 1741 est,
1091 1667 1170 1728 idem
1183 1674 1222 1728 est

152 1754 269 1816 animus
289 1753 426 1814 hominis.
463 1754 537 1814 Nam
557 1760 590 1813 ut
608 1752 657 1813 illa
678 1759 783 1812 natura
806 1752 937 1814 caelestis
962 1760 991 1812 et
1005 1761 1086 1813 terra
1100 1760 1184 1814 vacat
1196 1760 1221 1813 et

153 1859 272 1915 umore,
287 1840 330 1901 sic
344 1839 499 1917 utriusque
521 1838 626 1898 harum
641 1856 742 1898 rerum
757 1837 904 1898 humanus
918 1837 1036 1897 animus
1051 1845 1096 1898 est
1111 1856 1220 1917 expers.

154 1925 206 1986 Sin
223 1934 320 1986 autem
337 1931 382 1984 est
397 1923 499 2001 quinta
516 1922 659 2000 quaedem
675 1932 789 1996 natura,
805 1922 842 1982 ab
856 1922 1013 1983 Aristotele
1027 1922 1149 1982 inducta
1165 1923 1221 2002 pri·
1234 1926 1252 1979 2

189 2042 212 2089 l.
247 2040 291 2087 ius
314 2040 450 2088 domimum
476 2030 662 2102 ‘Naturrecht'‚
715 2036 1221 2102 1810311008οεΒὺίπόἱοΐω

153 2105 296 2170 Gegensatz
315 2120 347 2154 zu
364 2108 408 2156 ius
425 2106 511 2156 civile.
714 2109 770 2156 ciat
784 2109 811 2155 et
826 2105 937 2156 meridie
960 2107 1048 2156 hibera
1069 2106 1146 2167 datm
1165 2105 1220 2159 ibid.

187 2176 211 2225 2.
241 2173 398 2223 modestiam
415 2198 448 2218 =
467 2168 664 2245 σωφροσύνην,
713 2175 769 2224 misc·
775 2176 855 2240 prim
865 2173 928 2224 dato
943 2176 1038 2225 bibero.
1068 2173 1173 2226 llbenso
1186 2174 1221 2226 bei

152 2256 173 2294 s.
189 2240 228 2292 lll.
247 2241 324 2301 8,16.
715 2241 764 2292 den
782 2240 928 2304 llomilreru,
947 2242 997 2292 wie
1015 2241 1099 2294 Plaut.
1112 2241 1183 2296 Pers.
1196 2241 1221 2293 V.

186 2312 210 2365 4.
220 2324 317 2375 supera
334 2306 432 2368 infera.
461 2308 664 2361 WenneineGe·
715 2309 1126 2372 2,40;Ter.Andr.111.a,4u.o.
1154 2309 1222 2363 Anch

152 2377 273 2430 samtheit
288 2377 368 2429 durch
383 2377 489 2442 Angabe
506 2377 551 2429 der
568 2378 664 2428 dulser—
714 2377 756 2428 hei
774 2377 827 2428 Liv.
846 2376 896 2430 lll..
909 2380 951 2443 41,
963 2381 991 2430 5:
1014 2383 1046 2428 ut
1068 2380 1159 2430 bibero
1176 2380 1223 2430 mhi

153 2451 209 2498 steu
232 2446 390 2511 degensatze
414 2446 564 2498 bezeichnet
591 2445 663 2509 wird,
712 2447 817 2495 iuberet
833 2445 902 2496 dari.

152 2530 182 2567 so
194 2515 229 2567 ist
240 2513 281 2567 dle
295 2513 474 2582 asyndetische
485 2513 663 2567 Nebeneinan·
747 2515 786 2564 12.
795 2529 849 2565 mom
858 2515 930 2564 rosta
940 2513 1222 2581 cauca‚rgl.z.43,1dl:

153 2583 311 2648 dorstellung
334 2582 467 2634 derselben
490 2581 663 2649 regelmalsig.
713 2596 770 2630 rmn
786 2595 841 2632 mom
859 2580 1006 2642 difficilem.

154 2650 210 2716 Vgl.
221 2648 251 2703 V.
262 2652 303 2714 26,
317 2651 363 2701 73:
378 2651 488 2700 homesta
503 2653 606 2715 tummim
621 2651 663 2713 39,
748 2647 932 2700 Laomedonti.
955 2647 1175 2711 Nachllcmertin
1185 2651 1222 2702 oh

154 2720 217 2769 114:
242 2719 311 2767 bona
327 2715 408 2766 mola.
443 2715 580 2768 Bisweilen
599 2715 664 2768 wird
715 2714 761 2779 St,
769 2716 871 2770 auchV.
879 2719 999 2781 266)war
1007 2718 1133 2770 vielmehr
1142 2718 1222 2786 Gany-

154 2784 219 2836 auch
228 2783 295 2835 noch
304 2783 350 2834 das
359 2784 386 2834 in
398 2782 443 2834 der
451 2784 525 2836 Mitte
536 2784 663 2851 Liegende
714 2784 801 2836 medes
813 2785 854 2836 ein
867 2784 937 2836 Sohn
947 2785 993 2837 des
1001 2783 1066 2838 'lhos
1077 2785 1129 2837 und
1138 2786 1222 2839 Vater-

153 2850 296 2919 erghnzend
324 2850 505 2918 hinaugelugt,
533 2853 582 2904 wie
609 2853 664 2904 hier
714 2852 806 2904 bruder
824 2851 869 2904 des
880 2851 1037 2914 laomedom
1056 2853 1222 2921 dochgabea

151 2924 242 2988 prima
256 2919 352 2970 ultima
363 2919 451 2970 media
468 2934 494 2972 n.
513 2919 544 2970 ad
561 2920 619 2972 lam.
633 2919 662 2971 V.
714 2920 971 2988 auchabweichende
982 2920 1075 2986 Sagen.
1103 2921 1139 2975 So
1149 2927 1222 2975 neunt

154 2991 200 3041 85:
218 2989 252 3039 do
269 2989 390 3038 omnibus
402 2989 520 3038 minimis
536 2991 664 3039 mulmis
714 2986 799 3054 Eurip.
818 2986 910 3041 Troad.
929 2990 979 3041 822
997 2988 1045 3040 den
1063 2988 1222 3058 Ganymedes

151 3057 331 3107 mediocribus
346 3057 432 3107 reboo.
681 3113 682 3117 ,
714 3049 930 3124 Λαομεδόντιος
946 3063 1021 3120 παῖς.

187 3124 365 3177 hluomtate.
384 3112 458 3193 Ἥβη
473 3123 526 3188 (lat.
540 3123 578 3175 als
589 3123 662 3176 Nom.
749 3127 789 3176 16.
807 3125 952 3190 Euripides
970 3125 1078 3190 (Fragm.
1101 3125 1152 3179 inc.
1175 3125 1222 3177 lah.

153 3206 238 3259 propr.
257 3194 321 3243 stete
334 3191 476 3256 quentae),
494 3191 625 3258 anpiters
637 3208 662 3244 u.
716 3195 779 3245 1007
798 3190 887 3244 Nauck
904 3207 929 3258 p.
949 3194 1021 3256 533lz
1045 3184 1062 3247 ὃ
1086 3195 1155 3259 νοῦς
1171 3187 1222 3265 γὰρ

153 3260 199 3313 der
214 3259 282 3312 luno
301 3257 426 3322 Tochter,
449 3261 483 3312 ist
499 3260 525 3310 in
544 3260 588 3313 der
605 3260 663 3312 llias
720 3251 795 3327 ιμῶν
803 3256 920 3314 ἐστινέν
929 3254 1040 3333 ἑκάστῳ
1048 3255 1128 3326 θεός.
1151 3262 1221 3314 llarin

152 3327 203 3392 (lV.
215 3330 241 3392 2)
252 3327 293 3380 die
303 3326 505 3379 Mundseheolrin
518 3328 562 3380 der
574 3327 665 3380 Gdtter
714 3280 795 3394 lorge
805 3344 832 3379 er
841 3329 937 3380 seinem
951 3329 1042 3380 Lehrer
1050 3328 1221 3397 Anaxagoras.

152 3398 304 3464 uberhaupt,
323 3395 485 3465 Ganymedes
497 3410 544 3448 nur
555 3396 600 3448 der
618 3395 663 3448 des
749 3398 790 3447 20.
800 3399 894 3462 quinta
904 3397 1033 3461 quaedam
1042 3402 1158 3459 natur-m
1170 3398 1221 3451 dats

151 3464 278 3534 luppiter.
714 3463 801 3515 Gicero
826 3463 896 3515 diese
914 3463 996 3516 lalsch
1014 3464 1157 3531 ausgelalst
1173 3466 1221 3528 hat,

188 3537 227 3587 10.
245 3535 396 3585 Homerum.
429 3530 488 3582 llias
501 3530 555 3584 llll.
567 3533 616 3583 233
628 3531 662 3596 lg.
714 3547 734 3583 s.
754 3531 819 3583 oben
838 3548 869 3584 zu
889 3534 928 3594 10,
947 3534 988 3585 22.

188 3604 228 3654 11.
248 3602 427 3668 Ganymeden.
451 3600 662 3667 031010129-
747 3600 991 3665 inductaprimmm.
1007 3597 1221 3668 Auclumohtip

150 3670 311 3720 mmmmm.
713 3666 799 3719 Schon
816 3667 857 3719 dle
869 3666 1045 3736 Pythagoreer
1059 3668 1172 3723 nahmen
1183 3672 1221 3723 ein

187 3737 275 3786 bibere
290 3739 472 3802 ministraret,
494 3735 534 3787 ein
553 3750 599 3788 aus
617 3734 662 3787 der
711 3735 808 3788 sunites
825 3736 942 3788 Element
959 3751 1000 3801 an,
1022 3752 1073 3787 rou
1093 3736 1221 3793 Philolaus

152 3801 391 3871 Umgangssprache
409 3803 552 3856 entlehnter
568 3803 666 3861 Ansdr.
711 3803 865 3868 (nachStob.
875 3803 950 3858 ecll
958 3821 984 3873 p.
996 3805 1037 3869 10)
1050 3795 1131 3876 ἡτῆς
1142 3803 1222 3881 epal-
