2550 4410
155 202 195 262 88
538 200 632 255 LIBER
649 201 691 260 ly,
709 202 751 264 26,
761 202 802 256 56.
813 204 854 254 57.

154 383 236 435 motu
252 373 357 448 animi,
375 374 425 454 qui
440 374 483 434 uti
498 373 613 435 ratione
629 393 690 435 non
706 382 805 455 potest
811 392 820 450 ;
842 393 899 435 nos
915 382 1034 447 autern,
1051 381 1090 435 ut
1106 374 1229 437 testificor

153 478 250 540 saepe,
266 459 301 521 de
317 460 450 540 sapiente
465 459 643 538 quaerimus.

101 543 140 599 26
236 547 273 605 At
295 545 374 606 enim
389 545 529 607 aemulari
543 545 614 606 utile
630 553 689 618 est,
717 544 898 619 obtrectare,
922 544 1079 606 misereri.
1115 545 1227 607 Gurmi

101 626 130 676 56
153 649 269 692 screare
290 630 390 710 potius
411 649 499 708 qnam
521 631 599 692 feras
621 649 725 709 opem,
747 630 772 691 si
792 630 821 691 id
841 631 940 691 facere
963 627 1097 710 possis?
1120 649 1158 692 en
1178 631 1227 692 sine

152 715 352 777 misericordia
377 715 514 777 liberales
536 734 676 777 essenon
693 712 872 795 possumus?
896 715 965 776 Non
984 715 1073 776 enim
1089 715 1269 796 susciperet!

151 801 208 881 ipsi
223 801 422 881 aegritudines
436 809 560 880 propter
575 801 647 863 alios
661 801 817 874 debemus,
841 801 893 862 sed
908 800 1000 872 ebes,
1023 800 1053 862 si
1070 820 1226 881 possumus,
1266 804 1269 835 ²

151 887 248 948 levare
259 885 452 965 aegritudine.
476 887 650 948 Obtrectare
666 905 737 947 vero
750 886 834 947 alteri
850 893 901 947 aut
914 885 964 946 illa
981 885 1096 948 vitiosa
1111 887 1225 949 aemula·

152 971 246 1046 tione,
272 990 347 1050 quae
368 971 501 1032 rivalitati
523 972 627 1033 similis
649 980 707 1045 est,
729 971 870 1032 aemulari
892 970 964 1049 qnid
980 970 1080 1033 habet
1096 973 1224 1043 utilitatis,

151 1076 218 1118 cum
244 1057 282 1118 sit
303 1056 477 1117 aemulantis
500 1057 568 1136 angi
594 1056 691 1117 alieno
713 1055 810 1130 bono,
838 1056 917 1135 quod
940 1055 1007 1136 ipse
1029 1076 1100 1118 non
1122 1058 1224 1129 babeat,

152 1141 345 1203 obtrectantis
356 1148 454 1203 autem
466 1142 534 1220 angi
547 1142 643 1203 alieno
655 1142 746 1215 bono,
762 1141 841 1220 quod
858 1141 887 1202 id
903 1140 992 1202 etiam
1008 1142 1093 1204 elius
1107 1140 1224 1205 babeat?
1238 1151 1254 1204 1

152 1226 209 1296 Qui
225 1227 254 1286 id
270 1226 428 1306 adprobari
443 1229 545 1305 possit,
561 1227 776 1307 aegritudinem
791 1226 944 1306 suscipere
959 1245 1019 1307 pro
1037 1229 1223 1309 experientia,

150 1312 175 1372 si
198 1311 267 1390 quid
291 1311 400 1373 habere
415 1310 507 1374 velis?
534 1331 603 1374 nam
623 1313 719 1374 solum
733 1313 845 1374 habere
859 1311 932 1372 velle
948 1331 1070 1374 summa
1086 1315 1225 1376 dementia

99 1408 128 1458 51
150 1405 204 1457 est.
243 1397 459 1459 Mediocritates
485 1407 582 1459 autem
608 1399 752 1459 malorum
780 1397 846 1477 quis
866 1397 986 1458 laudare
1008 1407 1097 1460 recte
1118 1397 1226 1480 possit?

152 1480 224 1552 Quis
246 1482 326 1542 enim
347 1491 460 1562 potest,
482 1483 511 1544 in
530 1502 588 1562 quo
604 1483 694 1544 libido
716 1483 895 1563 cupiditasve
909 1482 955 1558 sit,
971 1502 1036 1544 non
1055 1483 1225 1546 libidinosus
1267 1524 1269 1531 ·

151 1576 180 1626 et
201 1567 326 1646 cupidus
351 1587 431 1641 esse,
453 1568 483 1628 in
501 1588 560 1647 quo
576 1569 633 1642 ira,
656 1587 718 1629 non
734 1568 903 1642 iracundus,
919 1567 950 1628 iu
968 1586 1030 1645 quo
1048 1588 1158 1650 angor,
1174 1576 1258 1632 nont

150 1652 271 1725 anxius,
293 1653 324 1714 in
347 1673 406 1733 quo
425 1654 529 1727 timor,
552 1673 612 1715 non
628 1651 771 1715 timidus?
793 1653 998 1714 Libidinosum
1014 1653 1113 1734 igitur
1129 1664 1160 1718 et
1174 1656 1224 1717 ira·

150 1739 279 1799 cundum
302 1747 331 1799 et
352 1739 470 1800 anxium
495 1748 524 1800 et
543 1738 678 1801 timidum
699 1757 856 1800 censemus
880 1757 944 1800 esse
970 1739 1168 1818 sapientem?
1195 1741 1225 1802 de

150 1824 235 1885 euius
247 1825 420 1885 excellentia
431 1825 522 1886 multa
535 1825 654 1903 quidem
666 1824 722 1885 dici
735 1823 867 1902 quamvis
878 1824 943 1884 fuse
954 1823 1075 1903 lateque
1093 1837 1224 1906 possunt

149 1909 199 1969 sed
221 1909 391 1970 brevissime
411 1910 461 1970 illo
483 1911 589 1984 modo,
611 1909 786 1989 sapientiam
809 1929 873 1971 esse
895 1927 995 1970 rerum
1012 1909 1187 1973 divinarum
1201 1922 1226 1973 et

148 1992 344 2055 humanarum
360 1995 513 2055 seientiam
529 1994 806 2074 cognitionemque,
823 2012 898 2074 quae
914 1993 1061 2073 cuiusque
1078 1997 1127 2059 rei
1143 2015 1223 2059 causa
1239 2005 1260 2057 tt

149 2078 201 2152 sit;
225 2098 261 2138 ex
283 2097 341 2156 quo
357 2080 484 2140 efficitur
499 2089 532 2140 ut
547 2080 642 2140 divina
657 2080 798 2154 imitetur,
813 2080 942 2140 hnmana
965 2081 1067 2142 omnia
1085 2082 1224 2144 inferiora

148 2163 255 2223 virtute
268 2163 363 2224 ducat.
387 2164 420 2224 ln
433 2164 510 2224 hanc
521 2172 555 2224 tu
566 2164 666 2243 igitur,
682 2174 832 2244 tamquam
843 2164 874 2225 in
888 2183 979 2236 mare,
994 2167 1078 2244 quod
1096 2177 1144 2230 est
1160 2187 1225 2229 ren·

149 2247 186 2307 tis
201 2247 376 2322 subiectum,
391 2249 645 2329 perturbationem
658 2250 763 2312 eadere
774 2249 828 2311 tibi
840 2249 938 2312 dixisti
948 2249 1065 2311 videri?
1083 2253 1165 2324 Quid
1178 2262 1225 2327 est,

149 2331 228 2410 quod
245 2341 356 2394 tantam
375 2335 544 2413 gravitatem
560 2335 817 2414 constantiamque
832 2332 1008 2414 perturbet?
1032 2336 1068 2397 ad
1086 2339 1225 2420 improvi-

147 2436 212 2478 sum
236 2418 344 2498 aliquid
365 2429 415 2482 aut
436 2418 650 2500 repentinum‘l
672 2420 749 2492 Quid
770 2428 868 2500 potest
882 2419 1015 2482 accidere
1038 2422 1099 2484 tale
1116 2426 1160 2499 ei,
1183 2423 1263 2486 ouili

148 2504 230 2579 nihil,
247 2506 326 2584 quod
341 2506 453 2567 bomini
469 2507 587 2568 evenire
603 2506 704 2586 possit,
729 2525 791 2566 non
806 2505 1049 2586 praemeditatum
1064 2507 1130 2570 sit?
1155 2510 1225 2571 Nam

147 2654 259 2708 [eineren
272 2656 379 2719 Kimste,
391 2657 482 2710 womit
493 2658 531 2709 sie
549 2657 590 2710 die
603 2655 658 2709 Lei·
709 2659 773 2722 tung
791 2656 835 2707 der
852 2654 1057 2721 Peripatetiker).

146 2722 313 2775 denscbalten
326 2725 446 2790 aufregen
459 2725 510 2777 und
520 2726 656 2777 benutzen.
745 2727 785 2778 18.
805 2727 926 2790 quamuis
936 2722 1003 2787 foce,
1024 2726 1076 2778 wie
1089 2725 1108 2781 l.
1121 2730 1165 2790 21,
1179 2730 1223 2780 ll:

183 2790 251 2842 Utile
260 2797 299 2842 eet
310 2795 387 2857 enim,
404 2793 459 2843 scil.
472 2796 509 2853 ei;
522 2792 568 2845 das
580 2792 656 2845 Pron.
709 2795 831 2858 quamuis
848 2795 961 2858 copiose.

145 2856 211 2908 wird
229 2859 290 2909 aber
307 2875 354 2911 nur
366 2860 448 2911 selten
466 2876 512 2912 vor
531 2861 588 2913 dem
601 2861 657 2914 Rel.
740 2863 777 2913 19.
787 2864 948 2927 sapientiam
961 2877 1015 2911 ecce
1027 2863 1077 2914 cet.
1105 2861 1224 2916 Dieeelbe

146 2925 321 2992 ausgelassen,
339 2942 414 2978 wenn
427 2943 454 2979 es
467 2930 537 2981 nicht
548 2930 575 2980 in
588 2929 657 2981 dem-
708 2928 850 2995 Erlrlinung
868 2944 888 2980 s.
899 2927 932 2980 V.
946 2932 970 2992 3,
982 2932 1006 2981 t.

147 2993 235 3046 selben
247 2993 326 3046 Casus
340 2995 407 3047 steht
419 2997 469 3047 wie
487 2995 578 3050 dieses.
597 2996 656 3064 Vgl.
742 3012 835 3048 rerum
861 2997 1016 3049 divinarum
1033 3002 1069 3049 ,et
1094 3000 1223 3050 bumana·

145 3061 175 3114 V.
187 3066 211 3127 7,
225 3065 271 3116 20:
291 3065 338 3128 qui
354 3066 504 3118 invenisset.
709 3081 779 3118 mm.
802 3065 915 3117 Ersteres
925 3064 1171 3131 sindGegenstinde
1181 3067 1225 3119 der

179 3134 203 3184 3.
228 3132 371 3197 emulari,
396 3134 558 3200 obtrectare,
582 3135 658 3183 mise
709 3133 790 3185 Natur
799 3132 861 3185 oder
870 3133 1029 3199 Wirlmngen
1044 3132 1091 3186 der
1100 3134 1223 3202 Gottheit,

145 3202 210 3264 reri,
229 3215 249 3252 s.
269 3202 310 3264 20,
324 3202 364 3252 46.
708 3201 1222 3255 letzteresdieVerbiltnisseundPflicb-

178 3271 202 3320 4.
217 3272 311 3334 potius
329 3285 409 3334 quom
427 3270 469 3334 (=
487 3270 568 3334 stati),
586 3284 606 3321 s.
625 3285 656 3321 zu
708 3272 752 3320 ten
764 3269 809 3322 der
818 3267 966 3323 Menscbeu.
994 3268 1222 3335 Vgl.V.3,'l.nnd

143 3335 171 3388 ll.
189 3339 230 3400 22,
244 3339 284 3389 52.
708 3336 830 3403 Origenes
841 3353 863 3389 c.
873 3337 939 3390 Cels.
950 3336 988 3390 lll.
998 3354 1023 3405 p.
1032 3340 1096 3391 154:
1108 3335 1125 3422 «ξ
1138 3343 1222 3408 σοφία

178 3407 202 3458 8.
219 3405 367 3456 rivalitati:
390 3404 656 3457 Nebenbuhlerscbalt
707 3402 841 3472 ἐπιστήμη
860 3404 951 3458 θείων
969 3408 1027 3458 ἐστὶ
1044 3409 1091 3456 καὶ
1108 3406 1222 3478 erdpe-

142 3473 169 3524 in
187 3472 233 3525 der
249 3473 334 3538 Liebe,
351 3472 503 3525 Eilersucbt.
706 3476 798 3526 πίνων
810 3473 981 3545 πραγμάτων
989 3477 1035 3525 καὶ
1043 3473 1105 3526 τῶν
1112 3475 1222 3528 τούτων

180 3545 220 3595 11.
237 3558 288 3607 pro
306 3533 556 3608 experientia‘stalt
575 3542 656 3594 selbst
708 3541 813 3594 αἰτίων,

144 3609 218 3661 einen
237 3609 352 3662 Versnch
370 3625 401 3661 zu
419 3603 549 3663 machen'.
741 3612 782 3662 21.
802 3608 923 3671 eflicitur
939 3615 977 3675 ut,
995 3625 1016 3662 s.
1034 3626 1066 3662 zn
1084 3610 1103 3662 1.
1122 3613 1201 3678 8,16.

180 3679 218 3730 13.
236 3677 435 3729 Mediocritates
452 3678 585 3729 malorum
602 3672 656 3744 ‘ge·
742 3679 783 3730 26.
795 3693 850 3729 non
860 3679 1089 3744 praemeditatum
1106 3683 1151 3744 sit,
1169 3680 1221 3746 rgl.

63 3808 65 3812 ,
142 3733 571 3812 matsigtellbel'‚s.zu1115,st
595 3745 654 3813 ugr.
706 3745 743 3798 111.
765 3748 803 3807 14,
822 3748 868 3799 30:
885 3762 940 3798 non
958 3749 1063 3798 evanue
1076 3763 1167 3813 pom.

128 3813 185 3877 20,
193 3815 239 3865 46:
259 3817 288 3864 in
301 3816 422 3865 omuibus
433 3813 494 3875 sere
510 3817 591 3866 redes
603 3831 655 3865 me-
741 3813 811 3865 Nam
830 3815 902 3881 quod
918 3818 1005 3880 aiunt,
1022 3830 1043 3867 s.
1060 3817 1103 3881 20,
1116 3818 1163 3878 46,
1180 3833 1222 3867 re-

143 3881 310 3937 dioeritutem
320 3899 375 3934 esee
385 3882 655 3949 optumamlssebaup·
706 3888 794 3933 securi
801 3903 806 3934 :
825 3882 1009 3950 beschranken,
1022 3883 1158 3951 elmngen,
1171 3885 1221 3937 wie
