2550 4410
469 198 563 253 LIBER
579 199 608 252 ll.
630 203 669 264 11,
687 201 729 252 26.
747 202 789 253 27.
1076 199 1135 258 121

148 371 180 432 Α.
202 372 249 432 Tu
263 373 383 452 quidem
405 372 500 433 adhuc
515 389 610 432 meam
632 389 749 432 causam
764 372 842 450 agis,
864 372 916 432 sed
936 372 993 433 hoc
1007 391 1077 433 mox
1092 374 1134 434 vi·
1153 382 1187 435 11

58 458 144 518 dero.
175 457 301 532 Interea,
316 457 396 518 unde
410 457 459 518 isti
473 454 597 518 versus?
618 475 679 517 non
696 456 775 517 enim
790 456 949 535 adgnosco.
980 457 1020 517 M.
1038 459 1137 519 Dicam
1160 469 1189 519 26

58 541 178 616 hercle;
200 543 312 604 etenim
333 550 413 604 recte
433 542 569 621 requiris.
607 541 732 602 Videsne
755 541 905 602 abundare
925 560 973 602 me
995 541 1077 602 otio?
1105 544 1137 604 1.

60 627 141 698 Quid
155 625 241 687 tum?
263 627 303 688 M.
325 626 418 688 Fuisti
433 645 536 706 saepe,
553 626 658 700 credo,
673 644 742 687 cum
757 625 879 687 Athenis
894 645 988 702 esses,
1004 627 1035 687 in
1050 628 1138 688 sobo-

10 721 36 772 5
57 711 96 773 lis
119 712 373 791 pbilosophorum.
411 711 543 772 A..Vero
557 730 599 772 ac
620 709 748 771 libenter
769 711 896 789 quidem.
931 710 971 772 M.
997 712 1137 773 Animad-

58 796 197 857 vertebas
212 797 317 877 igitur,
340 797 394 859 etsi
415 804 477 857 tum
494 814 586 887 nemo
598 804 661 856 erat
677 795 835 856 admodum
857 796 1015 877 copiosus,
1036 816 1138 858 verum

58 890 160 942 tamen
182 900 284 943 versus
305 881 341 943 ab
362 882 398 943 iis
420 881 575 942 admisceri
595 880 730 941 orationi.
767 880 799 941 A.
826 880 867 941 Ac
888 881 997 942 multos
1018 882 1137 961 quidem

59 966 234 1046 allionysio
251 967 361 1028 Stoico.
392 966 432 1027 M.
454 965 550 1027 Probe
571 965 653 1027 dicis.
698 964 755 1027 Sed
777 965 802 1026 is
824 965 906 1044 quasi
926 965 1032 1027 dictata
1054 966 1136 1028 nullo

59 1050 186 1126 dilectu,
203 1051 282 1112 nulla
298 1050 459 1130 elegantia,
483 1051 565 1112 Philo
588 1060 617 1113 et
637 1050 759 1130 proprio
782 1068 909 1110 numero
932 1059 962 1112 et
976 1051 1051 1112 lecta
1066 1062 1138 1131 poe-

10 1145 36 1198 t)
58 1144 140 1196 mata
161 1145 190 1197 et
210 1136 277 1197 loco
299 1135 486 1216 adiungebat.
516 1136 618 1215 ltaque
633 1143 790 1215 postquam
805 1133 935 1195 adamavi
955 1136 1033 1197 hanc
1054 1138 1138 1216 quasi

59 1221 187 1282 senilem
209 1221 467 1297 declamationem,
496 1221 626 1282 studiose
647 1220 784 1299 equidem
805 1228 875 1281 utor
895 1221 1006 1282 uostris
1026 1223 1137 1302 poetis3

59 1306 130 1380 sed,
150 1305 245 1367 sicubi
260 1306 302 1367 illi
316 1306 505 1377 defecerunt,
520 1306 595 1366 verti
609 1305 697 1366 etiam
712 1304 804 1365 multa
819 1304 855 1364 de
871 1303 1006 1381 Graecis,
1024 1326 1062 1368 ne
1078 1325 1137 1386 quo

60 1399 238 1452 ornamento
264 1391 294 1451 in
315 1392 373 1453 boc
397 1410 509 1471 genere
534 1389 742 1470 disputationis
766 1397 882 1451 careret
902 1389 1008 1452 latina
1034 1393 1137 1453 oratio.

60 1475 122 1535 Sed
143 1475 263 1536 videsne
284 1485 389 1554 poetae
415 1476 486 1555 quid
500 1476 570 1537 mali
585 1471 742 1536 adferant?
777 1475 981 1537 Lamentantis
996 1476 1142 1538 inducunt
1164 1483 1192 1534 27

10 1567 36 1621 ὅ
58 1560 238 1622 fortissimos
254 1561 347 1635 viros,
370 1561 508 1628 molliunt
527 1561 642 1623 animos
664 1568 797 1634 nostros,
813 1559 852 1619 ita
867 1568 938 1621 sunt
952 1561 1059 1623 deinde
1073 1562 1139 1623 dul-

59 1663 127 1720 ces,
143 1653 177 1706 ut
192 1664 254 1706 non
269 1644 407 1725 legantur
421 1647 525 1721 modo,
541 1645 594 1708 sed
609 1645 696 1706 etiam
711 1643 888 1705 ediscantur.
920 1645 968 1706 Sic
983 1646 1018 1706 ad
1034 1646 1140 1708 malam

59 1730 254 1791 domesticam
276 1730 462 1811 disciplinam
483 1731 629 1810 vitamque
650 1725 838 1790 umbratilem
859 1737 889 1789 et
903 1729 1055 1792 delicatam
1071 1751 1139 1793 cum

98 1899 120 1949 1.
139 1912 203 1947 moe
226 1898 328 1962 videro,
363 1897 420 1949 eine
438 1898 513 1950 Form
532 1897 577 1949 der
628 1894 652 1947 d.
663 1894 687 1946 b.
698 1894 1031 1948 obnedeuerlorderlieben
1042 1895 1140 1964 Rhyth-

58 1963 216 2028 Revocatio,
251 1965 298 2016 mit
328 1964 440 2017 weleber
467 1965 511 2017 der
537 1980 576 2017 er·
627 1965 1141 2031 mus(proprioeeamero)vorgetragene

58 2031 166 2084 wahnte
190 2031 353 2097 Gegenstand
374 2033 506 2085 verlasseu
523 2032 576 2085 und
627 2023 752 2083 llilrtate'.
790 2029 848 2097 Vgl.
871 2030 903 2082 de
926 2029 1139 2085 fin.1V.4.1o:

57 2100 133 2152 einer
164 2101 282 2165 spatereu
316 2099 484 2167 Gelegenbeit
518 2116 576 2153 ror·
628 2098 702 2162 Quae
729 2099 835 2164 quidem
860 2115 903 2149 ree
929 2100 1019 2162 effecit
1040 2116 1074 2151 ne
1097 2117 1141 2152 ne-

56 2166 184 2219 bebalten
206 2167 284 2232 und,
306 2183 348 2219 um
372 2183 403 2220 zu
426 2169 509 2220 einem
531 2185 575 2220 on·
627 2183 697 2218 cesse
717 2170 755 2218 sit
778 2167 861 2217 iedene
885 2168 917 2218 de
939 2170 1017 2218 reone
1039 2185 1141 2236 semper

56 2234 140 2287 deren
166 2235 353 2302 dberzugeben.
390 2235 424 2288 So
452 2236 517 2288 ench
544 2236 574 2288 V.
627 2238 704 2300 quasi
725 2235 828 2286 dietata
851 2235 1005 2302 decantare,
1023 2253 1107 2302 neque
1124 2254 1141 2287 a

57 2308 85 2369 7,
106 2305 139 2354 20
157 2318 181 2355 6.
200 2319 224 2357 o.
627 2305 851 2354 commentariolis
867 2306 924 2353 seete
941 2304 1088 2366 discedem
1109 2304 1141 2357 de

95 2372 121 2422 2.
140 2371 286 2435 adgnoeeo;
312 2370 365 2437 rgl.
382 2370 401 2422 l.
419 2373 443 2435 8,
463 2375 508 2424 15:
520 2375 576 2423 iam
628 2370 697 2423 deor.
713 2385 738 2423 6.
751 2369 770 2422 Ι.
785 2373 825 2435 26,
838 2373 884 2422 72:
903 2371 957 2422 Ista
975 2376 1046 2422 enim
1063 2390 1079 2423 a
1097 2388 1141 2423 oo·

56 2439 198 2504 adgnosco
217 2438 354 2490 Graecum.
378 2426 447 2491 slber
469 2440 577 2491 videsne
629 2441 668 2489 lie
686 2439 763 2502 quasi
780 2438 881 2489 dictata
899 2438 1057 2491 reddantur.

56 2521 81 2560 s,
101 2522 124 2560 z.
144 2508 185 2570 26,
204 2509 244 2558 62.
662 2509 686 2558 9.
722 2505 828 2569 dilectae,
846 2519 867 2558 s.
882 2504 899 2556 l.
917 2506 958 2569 26,
976 2509 1023 2557 45:
1042 2506 1140 2557 dilecti.

96 2577 121 2627 4.
153 2574 224 2636 Quia
249 2578 322 2624 tom?
344 2565 411 2626 ‘nes
439 2572 505 2641 lolgt
532 2574 577 2626 da·
662 2572 747 2634 Pltlo,
765 2572 866 2623 sobeu
886 2573 909 2632 3,
928 2575 952 2624 9.
977 2572 1055 2624 Beide
1074 2572 1141 2625 Stel·

57 2633 154 2694 raus‘l'
172 2644 223 2706 (um
242 2641 333 2694 weiter
349 2657 381 2694 zu
398 2642 499 2708 geben),
517 2641 541 2694 d.
551 2642 576 2696 b.
628 2642 670 2692 len
694 2639 751 2692 sind
774 2639 815 2690 ein
838 2639 1007 2705 gewicbtiges
1030 2641 1140 2706 Zeugnis
1233 2655 1235 2658 ⁴

52 2703 128 2761 ‘was
146 2709 226 2761 willst
243 2709 277 2761 du
300 2709 379 2761 demit
396 2704 507 2776 sagent'
629 2708 711 2770 delur,
729 2707 784 2759 dats
798 2706 961 2759 eineSchritt
972 2705 1062 2760 Philas
1074 2710 1140 2760 auch

98 2782 122 2830 5.
143 2778 212 2829 Vero
226 2769 263 2841 ‘J'a
286 2777 365 2841 wohl,
382 2768 542 2844 allerdinge'.
629 2777 670 2828 sur
693 2775 739 2828 dae
762 2778 786 2829 2.
804 2774 833 2827 Β.
859 2774 904 2827 der
921 2774 1084 2829 Tusculanen
1102 2778 1141 2828 als

59 2844 135 2896 Brut.
159 2847 200 2908 87,
222 2846 286 2897 300:
311 2845 365 2896 Sed
388 2849 418 2896 ta
440 2848 577 2897 orationes
629 2844 720 2905 Qnelle
738 2843 913 2896 anznnehmen
930 2844 973 2897 ist.

58 2914 140 2963 nobie
153 2917 276 2963 oetereee
316 2913 577 2978 1166661766ρπ-
664 2915 703 2965 10.
727 2911 785 2963 loeo
809 2938 842 2958 ε
865 2928 913 2964 eac
933 2912 1004 2976 loco;
1029 2913 1141 2965 auchie

60 2995 153 3046 quam,
170 2981 261 3031 Bmete.
309 2980 344 3047 gl.
363 2996 385 3033 a.
403 2980 421 3033 l.
441 2985 482 3034 11.
500 2984 541 3033 25.
628 2981 686 3032 loco
704 2979 804 3032 kommt
821 2994 851 3032 so
869 2996 922 3034 vor.

97 3051 122 3100 7.
149 3048 292 3099 aemesam·
316 3051 443 3100 orationi.
469 3048 515 3101 Die
533 3049 577 3101 da·
662 3051 732 3099 banc
755 3077 788 3087 -
810 3048 1037 3112 declamationem,
1059 3047 1143 3114 philo·

59 3115 175 3181 maligen
202 3113 385 3184 Philosophen,
409 3116 515 3169 besoud.
534 3116 576 3169 die
628 3114 1140 3182 sopb.Vortrlgeultisputierr‘rbungem

61 3182 177 3247 Stciker,
189 3183 312 3250 pilegten,
325 3199 368 3235 nm
383 3184 438 3236 ihre
451 3183 576 3250 Vortrage
627 3183 680 3250 vgl.
697 3183 715 3235 1.
728 3186 753 3248 1,
771 3188 795 3236 7.

60 3250 235 3304 anziebender
252 3267 283 3303 an
301 3252 420 3317 macheu,
444 3251 576 3305 dieselben
664 3255 705 3304 17.
722 3255 807 3302 ettam
827 3252 1011 3302 umbratilem:
1026 3243 1080 3303 ‘ein
1099 3267 1142 3304 zu-

59 3319 110 3371 mit
128 3318 323 3372 Dichterstellen
346 3335 379 3371 au
396 3319 576 3384 durchweben,
628 3319 849 3386 rdelrgezogenes,
880 3318 1068 3384 gemdcblicbes
1097 3319 1142 3370 Le-

56 3389 89 3453 ja
107 3386 147 3438 olt
164 3403 196 3439 zu
213 3386 361 3440 uberleden.
396 3387 469 3440 Aucb
488 3388 576 3439 Cicero
629 3379 701 3448 ben',
720 3387 862 3452 Gegensatz
878 3401 910 3436 zu
927 3384 971 3437 der
985 3385 1035 3436 leae
1050 3385 1142 3447 foren-

60 3457 97 3506 ist
109 3471 160 3507 von
174 3453 270 3507 diesem
279 3454 416 3507 Vorwurle
428 3455 499 3507 nicbt
512 3470 577 3522 ganz
628 3457 665 3505 ete
680 3454 760 3518 (Rrut.
776 3457 800 3518 8,
814 3455 865 3517 32).
883 3451 940 3519 Vgl.
958 3455 998 3517 15,
1009 3455 1054 3505 36:
1074 3468 1142 3517 quae

60 3523 278 3589 sreizusprecben.
629 3524 675 3586 (sc.
687 3521 814 3586 scenicae)
831 3520 986 3571 mollissimo
1004 3521 1078 3570 calta
1093 3535 1142 3586 pa·

98 3593 122 3643 8.
149 3591 297 3658 Dionysiae
319 3591 426 3644 Stoicae
451 3591 486 3642 ist
508 3590 578 3642 nicht
629 3593 728 3641 rictum
745 3591 847 3639 amoma
862 3588 1035 3649 occultantem
1057 3586 1087 3640 V.
1100 3591 1141 3651 27,

60 3658 143 3712 nabor
169 3657 290 3710 bekannt.
332 3657 383 3711 ller
410 3661 452 3723 25,
481 3660 514 3711 60
540 3673 579 3710 er·
632 3660 677 3710 78:
695 3673 745 3708 noe
765 3658 876 3720 umbrie,
894 3656 1010 3717 delictis,
1035 3658 1091 3707 otto
1109 3683 1142 3694 -

60 3727 169 3778 wahnte
193 3725 332 3794 Dionysius
355 3726 388 3779 ist
406 3727 447 3777 ein
466 3726 579 3791 anderer,
631 3721 1142 3789 animaminseer’mas38rut.9,37:Plea-

61 3795 165 3848 ialterer.
631 3793 718 3844 terem
730 3794 941 3858 processeratin
953 3791 1035 3843 colem
1044 3797 1071 3844 et
1082 3793 1143 3860 peel-

98 3864 179 3929 paaet
204 3861 305 3913 dietata
328 3853 392 3912 ‘wie
414 3860 579 3926 obgeleierte,
630 3877 750 3913 amone
771 3859 947 3926 Theophrasti
962 3861 1134 3913 ambe-aeolia.
