2550 4410
472 187 568 240 ttBttR
583 187 602 242 l.
623 192 662 253 te,
680 190 788 242 ata-45.
1126 191 1166 250 55

88 371 120 422 et
139 360 290 422 levitatem
311 369 341 421 et
366 361 494 421 calorem
516 360 639 439 adeptus
660 368 810 441 tamquam
835 361 958 442 paribus
983 364 1167 425 examinatus

87 445 278 528 ponderibus
303 445 413 507 nullam
436 445 467 506 in
495 455 608 525 partem
633 456 784 520 movetur,
811 464 904 525 eaque
925 448 951 508 ei
972 448 1091 509 demum
1114 467 1168 509 na-

89 531 197 594 turalis
217 538 263 592 est
277 531 377 606 sedes,
401 549 468 592 cum
490 530 526 590 ad
540 530 586 592 sui
602 531 697 592 simile
709 532 892 611 penetravit,
914 533 945 593 in
962 551 1022 611 quo
1038 534 1119 595 nulla
1134 552 1166 595 re

90 635 186 696 egens
206 615 302 677 aletur
322 625 353 677 et
372 614 586 679 sustentabitur
607 616 698 677 isdem
714 615 814 690 rebus,
836 617 944 696 quibus
958 626 1034 679 astra
1049 627 1167 681 susten-

57 714 69 764 t
88 710 194 764 tantur
209 709 239 762 et
252 700 381 761 aluntur.

181 785 316 864 Cumque
343 785 479 866 corporis
504 785 618 847 facibus
641 785 816 846 inflammari
837 785 985 848 soleamus
1009 788 1044 849 ad
1071 788 1169 849 omnis
1189 801 1219 852 44

92 872 155 933 iere
171 871 348 949 cupiditates
367 889 463 950 eoque
478 871 571 949 magis
592 870 727 944 incendi,
751 870 828 949 quod
845 871 880 932 iis
895 872 1093 946 aemulemur,
1116 873 1168 952 qui

92 975 125 1016 ea
141 955 286 1030 habeant,
315 973 390 1034 quae
411 975 467 1018 nos
484 955 595 1017 hahere
616 955 788 1034 cupiamus,
803 956 938 1034 prolecto
954 956 1032 1018 beati
1048 957 1167 1031 erimus,

92 1059 163 1102 cum
179 1040 356 1120 corporibus
376 1041 486 1102 relictis
501 1049 532 1102 et
545 1040 739 1120 cupiditatum
762 1048 793 1101 et
806 1040 1037 1102 aemulationum
1059 1043 1169 1103 erimus

49 1134 72 1187 te
94 1135 234 1205 expertes
241 1142 250 1200 ;
276 1125 416 1204 quodque
439 1144 520 1186 nunc
543 1126 676 1201 facimus,
702 1144 770 1186 cum
790 1126 877 1186 laxati
892 1125 971 1188 curis
986 1145 1106 1201 sumus,
1136 1136 1170 1188 ut

93 1219 230 1291 spectare
253 1210 362 1288 aliquid
384 1211 507 1272 velimus
529 1219 558 1272 et
573 1210 680 1284 visere,
708 1210 736 1271 id
752 1211 922 1272 multotum
938 1211 1079 1273 faciemus
1094 1212 1168 1274 libe·

92 1296 156 1357 rius
177 1303 315 1373 totosque
336 1314 392 1357 nos
413 1295 444 1356 in
467 1295 701 1375 contemplandis
721 1295 811 1356 rebus
826 1296 1100 1375 perspiciendisque
1116 1317 1171 1378 po·

94 1399 217 1454 namne,
240 1387 399 1460 propterea
420 1380 500 1459 quod
521 1389 551 1442 et
573 1390 679 1442 natura
694 1379 772 1442 inest
787 1381 817 1442 in
833 1381 984 1442 mentibus
999 1383 1109 1443 nostris
1123 1383 1170 1444 in-

93 1465 237 1527 satiabilis
258 1465 401 1543 quaedam
422 1466 566 1545 cupiditas
586 1466 648 1527 veri
669 1465 784 1527 videndi
806 1473 836 1526 et
851 1483 919 1528 orae
941 1467 1019 1546 ipsae
1035 1467 1171 1528 locorum

48 1558 74 1611 tt
94 1550 229 1624 illorum,
256 1568 316 1628 quo
332 1551 573 1629 pervenerimuS,
601 1569 660 1629 quo
683 1549 843 1612 faciliorem
867 1550 953 1613 nobis
968 1552 1171 1631 cognitionem

94 1653 198 1697 rernm
214 1635 398 1713 caelestium,
415 1655 451 1696 eo
467 1637 607 1697 maiorem
622 1635 824 1715 cognoscendi
840 1636 1029 1715 cupiditatem
1045 1636 1169 1699 dabunt.

94 1720 176 1782 llaec
191 1719 271 1782 enim
285 1721 475 1801 pulchritudo
490 1720 579 1782 etiam
595 1721 626 1782 in
642 1719 729 1781 terris
748 1723 890 1800 patritam
910 1720 988 1781 illam
1010 1732 1036 1783 et
1051 1728 1168 1794 cottam,
1190 1732 1220 1783 45

95 1891 121 1948 te
143 1903 177 1938 ac
195 1891 328 1953 perpetua
354 1886 534 1952 deputatione
561 1902 608 1938 au·
695 1890 719 1940 9.
754 1886 924 1938 emulemur.
950 1886 1009 1952 Vgl.
1026 1887 1067 1939 lV.
1087 1891 1111 1950 8,
1132 1891 1172 1942 l'l.

95 1955 251 2016 dieodi;‚ad
269 1954 329 2006 lam.
341 1953 383 2008 ill.
396 1957 420 2019 2,
434 1957 461 2007 2:
479 1969 555 2005 nemo
566 1953 609 2014 sa·
659 1954 718 2006 Dies
728 1953 840 2005 Verbum
861 1954 923 2004 wird
942 1970 992 2006 von
1006 1955 1057 2006 Cic.
1069 1970 1117 2006 nur
1129 1956 1171 2008 bei

94 2023 224 2074 cultatem
241 2025 320 2073 hahet
337 2022 488 2088 decipiendi
505 2039 562 2076 nos.
660 2022 839 2088 persdulichen
849 2020 977 2086 ObJekten
989 2023 1036 2074 mit
1048 2021 1106 2075 dem
1115 2022 1172 2077 nst.

132 2095 155 2143 1.
191 2091 312 2156 adeptus,
329 2089 380 2155 vgl.
399 2105 430 2142 zu
449 2092 490 2155 29,
509 2093 554 2142 ll:
573 2095 609 2141 te-
660 2089 877 2142 lmnstruiertund
888 2089 1011 2142 bstdann
1023 2090 1172 2144 dieBedeu·

94 2174 171 2210 amm.
660 2164 736 2224 tang:
770 2157 990 2210 leidenscbaltlich
1017 2159 1171 2223 nacbeilern,

40 2303 43 2314 ·
89 2225 610 2359 «ιζὲἲὲῗῖί,ῗψῗ.ἲῖἶῖῖῧ.12ἕὲἵίἔὲιῖ
660 2225 1173 2347 llilbbhlbssiilllhlt‘lll

93 2378 123 2415 er
140 2362 168 2413 in
186 2362 269 2414 einem
287 2359 368 2413 Stoffe
391 2377 442 2413 von
460 2361 608 2413 demselben
659 2364 799 2414 aemulari.
827 2361 875 2412 lllit
890 2362 947 2414 dem
960 2364 1020 2416 Ace.
1034 2363 1078 2415 der
1091 2363 1172 2416 Sacbe

93 2428 266 2498 specilischen
284 2429 417 2481 Geuichte
434 2429 588 2482 schwimmt.
660 2429 730 2482 steht
742 2445 771 2481 es
783 2444 808 2494 p.
821 2428 904 2481 llaec.
917 2433 957 2492 26,
971 2432 1016 2482 632
1035 2436 1067 2481 ut
1085 2447 1173 2483 omnes

131 2501 155 2550 2.
196 2497 233 2549 Zu
260 2497 305 2550 der
327 2496 452 2549 Parataxe
474 2513 558 2563 euque
584 2499 610 2548 σι’
659 2500 717 2548 eiua
730 2499 855 2547 incomta
871 2496 984 2547 laudaro
991 2496 1103 2557 facilius
1110 2513 1174 2564 poe-

93 2567 202 2618 mum
218 2565 271 2632 vgl.
289 2565 356 2617 oben
374 2564 390 2632 §
409 2567 454 2631 245
476 2569 532 2616 ciue
550 2580 609 2616 oum
658 2569 714 2616 siut
732 2579 812 2630 qrtam
830 2566 970 2615 aemulari.

94 2636 197 2686 librum
214 2632 310 2685 nndan
323 2635 339 2696 ξ
352 2633 394 2686 36.
429 2631 498 2686 Uber
513 2636 558 2683 mi
574 2636 609 2684 st·
697 2635 737 2684 tt.
755 2634 852 2695 visere,
878 2631 925 2683 das
947 2631 1104 2682 latensirum
1121 2646 1173 2682 von

94 2702 161 2754 mile
178 2715 198 2752 s.
217 2716 249 2752 zu
269 2705 309 2766 15,
327 2703 369 2754 34.
662 2701 765 2761 videre,
783 2698 837 2765 vgl.
856 2698 879 2750 d.
897 2699 958 2764 imp.
972 2698 1016 2753 Gn.
1029 2696 1118 2766 Pomp.
1132 2701 1174 2766 21,

131 2773 157 2822 t.
191 2769 289 2821 aletur.
322 2767 461 2834 VgLnum
478 2767 562 2820 lnhalt
580 2768 612 2821 de
663 2771 776 2822 dlznon
787 2767 865 2819 modo
878 2767 1093 2819 oidttsedetiam
1102 2770 1176 2818 omni

95 2838 168 2891 deor.
185 2853 211 2890 ιι.
228 2836 257 2888 ll.
274 2839 316 2903 46,
336 2838 393 2890 118.
660 2837 751 2888 studio
768 2836 906 2887 visendam
916 2838 1037 2903 patavi&
1054 2835 1175 2889 nntenll.

131 2908 157 2960 6.
176 2908 298 2971 eorporis
314 2903 421 2966 facibus
437 2926 471 2948 =
488 2907 612 2969 corporis
663 2907 705 2969 25,
722 2907 768 2965 61;
787 2902 817 2955 V.
836 2906 860 2966 3,
879 2908 902 2957 9.

95 2977 288 3036 incitamentis,
306 2972 419 3024 insolern
430 2970 483 3032 fasc
497 2972 524 3023 in
536 2971 611 3023 dher·
698 2975 737 3026 13.
754 2973 920 3023 imatiadilis
931 2971 1071 3037 quaedam,
1088 2969 1176 3035 niel,

95 3046 230 3108 hagenen
254 3040 333 3092 Sinne
355 3039 431 3105 jedes
456 3038 540 3091 mittet
567 3039 611 3092 be·
664 3044 708 3094 lo:
732 3041 870 3103 infinitum
894 3040 1036 3106 quoddam.
1078 3036 1112 3089 So
1137 3051 1176 3088 er-

96 3109 231 3172 neicbnet,
255 3108 335 3160 durch
360 3107 472 3160 welches
494 3108 551 3159 eine
569 3107 614 3158 Er-
664 3107 760 3160 kannte
784 3107 850 3160 auch
872 3107 948 3159 Philo
973 3106 1014 3158 ein
1038 3104 1175 3156 Beddrlnie

96 3194 109 3230 r
163 3191 200 3245 ng
223 3176 286 3229 oder
307 3175 454 3241 Anteiznng
478 3176 614 3241 hervorge-
665 3176 710 3228 des
722 3175 862 3228 Menschen
878 3176 942 3227 nach
953 3174 1056 3227 Wissen
1067 3171 1121 3225 und
1131 3171 1175 3224 Er·

140 3260 175 3298 en
195 3244 267 3296 wird.
309 3243 384 3296 Iliese
403 3243 556 3310 Redentung
578 3243 613 3295 ist
665 3243 786 3296 kenntnis
804 3259 845 3308 an,
863 3242 951 3296 stellte
969 3239 1177 3294 abercinevoll·

96 3313 166 3366 anch
184 3311 215 3364 da
232 3312 416 3375 anaunebmen,
434 3327 477 3364 wo
494 3326 545 3363 von
564 3309 614 3363 den
664 3310 801 3364 hominene
814 3309 998 3377 Betriedigung
1016 3325 1063 3362 nur
1079 3309 1176 3360 lurein

96 3383 176 3444 sacas
198 3379 243 3432 des
266 3379 416 3432 Schmerzes
440 3378 501 3431 oder
521 3377 614 3431 llasses
665 3380 771 3432 anderes
789 3379 881 3431 basciu
900 3380 926 3430 in
942 3378 1073 3430 hussicbt.

98 3450 143 3502 die
154 3447 225 3500 Rode
237 3449 279 3512 ist,
297 3464 373 3500 wenn
389 3447 455 3498 auch
472 3448 498 3498 in
517 3445 613 3498 diesem
702 3450 742 3502 17.
760 3448 831 3499 Haec
843 3446 1020 3513 pulchitudo
1035 3469 1068 3490 -
1079 3445 1176 3494 barum

99 3516 173 3569 Folle
191 3515 237 3568 das
255 3514 329 3568 Wort
353 3514 432 3568 durch
445 3505 532 3567 ‘drot'
553 3513 615 3566 oder
665 3516 691 3579 (i.
710 3530 732 3568 e.
755 3515 918 3579 caelestium)
941 3527 1033 3564 rorum
1057 3510 1177 3574 puleio-i·

95 3577 213 3638 ‘Sticho’
242 3584 375 3636 ubersetzt
405 3582 507 3635 werden
536 3581 613 3634 kann.
665 3583 738 3645 tudo,
763 3584 813 3634 wie
831 3582 870 3633 lll.
888 3585 929 3645 34,
948 3582 993 3633 83:
1018 3581 1067 3629 hoc
1085 3579 1178 3643 ouum,

100 3651 162 3720 ng
178 3651 206 3704 lt
225 3654 267 3718 25,
279 3655 325 3714 61;
343 3649 375 3704 V.
394 3653 435 3717 27,
452 3653 497 3711 76;
516 3665 541 3717 p.
559 3648 612 3703 blil.
663 3649 705 3702 die
723 3649 806 3702 Messe
822 3650 922 3708 hierem
940 3646 981 3699 lV.
1001 3649 1041 3710 m,
1059 3645 1104 3699 23:
1123 3661 1177 3712 qua

100 3723 144 3786 35,
156 3721 203 3774 98:
223 3735 283 3772 oum
300 3735 390 3771 omnm
407 3736 425 3771 o
441 3722 507 3770 meis
524 3719 613 3769 inhia·
664 3721 795 3781 oratioue,
818 3717 876 3769 eine
893 3713 1178 3780 Anseinandemetaung

99 3791 140 3842 als
156 3786 231 3850 facee
247 3788 369 3840 invidiae
384 3802 458 3838 meae
477 3788 613 3838 mttetan-
663 3785 793 3845 bierdbem
812 3800 836 3852 p.
855 3783 909 3838 llil.
928 3785 970 3848 36,
984 3786 1029 3838 99:
1048 3797 1116 3849 quae
1134 3784 1179 3834 od·

100 3862 163 3919 tute
180 3854 213 3908 de
229 3853 274 3909 off.
292 3855 320 3908 ll.
335 3856 427 3921 teat.
663 3854 728 3905 livio
746 3852 788 3904 ltu
805 3855 882 3903 cutm
899 3855 941 3904 rei
952 3853 1062 3913 othelm
1083 3849 1115 3903 de
1133 3848 1179 3905 liu.
