2550 4410
539 162 635 215 bruun
650 163 691 217 111.
709 166 873 229 28,68-70.

165 334 297 413 intellegi
314 352 436 397 necesse
457 346 579 397 estnon
600 354 663 397 rem
679 336 772 416 ipsam
794 354 919 399 oausam
943 346 1044 418 atque
1067 340 1174 401 iontem
1189 356 1228 401 ast

111 434 140 484 aa
164 422 316 483 maeroris.
347 421 519 500 Philosophi
539 422 647 483 summi
669 420 839 499 nequedum
860 432 970 484 tamen
994 424 1231 505 sapientiamror·

164 506 258 569 secuti
281 524 383 566 noune
406 506 583 585 intellegunt
604 508 635 568 in
658 525 774 567 summo
796 525 828 568 se
849 508 932 569 malo
956 508 1057 572 esse?
1088 512 1163 573 Sunt
1179 509 1234 573 cuir

163 592 355 672 insipientes,
379 610 477 670 neque
500 592 670 671 insipientia
692 592 786 652 ullum
808 592 906 654 maius
930 594 1056 657 malum
1079 606 1141 673 est;
1166 612 1236 675 nequ

163 690 263 739 tamen
279 678 393 755 lugent.
425 677 502 748 Quid
516 676 578 738 ita?
594 678 669 749 Quia
686 677 754 737 huic
769 676 872 756 generi
889 679 1052 742 malorum
1069 702 1133 744 nou
1144 680 1238 761 adhuq'r

164 774 212 824 tur
226 763 274 824 illa
290 762 409 842 opinio,
432 772 545 824 rectum
568 782 632 824 esse
654 772 685 823 et
699 780 827 841 acquum
849 770 879 823 at
897 764 935 825 ad
952 766 1103 830 officium
1118 768 1238 848 pertinere

164 868 252 929 aegre
268 849 363 921 lerrc,
387 848 465 926 quod
486 848 604 927 sapiens
626 867 687 909 uon
703 848 759 921 sis,
782 848 861 927 quod
883 847 968 910 idem
987 852 1175 934 adfingimus
1191 851 1239 915 hnc

113 948 143 999 aa
165 934 357 1013 aegritudini,
374 934 404 993 in
421 950 477 1011 qua
494 934 592 995 luctus
606 933 698 1007 inest,
715 951 791 1011 quac
806 932 943 995 omnium
958 954 1113 1001 maxuma
1128 948 1178 1001 est.
1200 938 1239 999 ltu
1260 963 1262 969 ’

166 1038 224 1099 quc
239 1018 412 1079 Aristoteles
427 1027 540 1079 veteres
557 1018 751 1098 philosophos
766 1036 921 1094 accusans,
937 1022 997 1099 qui
1016 1024 1239 1087 existimavisscrt

165 1103 381 1184 philosophiam
397 1104 458 1164 suis
480 1104 609 1183 ingeniis
631 1122 696 1165 esse
711 1104 889 1183 perlectam,
915 1104 958 1165 ait
975 1126 1037 1171 eos
1062 1120 1116 1172 aut
1130 1108 1240 1173 stultissi—

166 1208 231 1249 mos
246 1198 297 1248 aut
312 1188 539 1267 gloriosissimos
561 1189 668 1261 luisse,
689 1189 740 1250 sed
756 1207 789 1251 se
804 1190 919 1265 videre,
942 1195 1037 1269 quod
1059 1197 1166 1276 paucis
1178 1192 1240 1257 anuis

167 1293 272 1352 magna
294 1274 423 1335 accessio
445 1275 520 1334 lacta
544 1285 636 1347 esset,
660 1274 740 1335 brevi
762 1283 897 1353 tempore
919 1276 1159 1362 philosophiam
1176 1280 1240 1363 phut

167 1358 331 1420 absolutam
354 1360 427 1419 lore.
464 1360 684 1438 Theophrastus
704 1369 802 1421 autem
824 1360 959 1423 moriens
991 1382 1159 1431 accusasse
1178 1374 1241 1428 utto

167 1464 229 1505 ram
246 1445 363 1517 dicitur,
381 1444 460 1523 quod
476 1446 568 1505 cervis
584 1455 614 1505 et
628 1444 799 1506 cornicibus
814 1445 901 1506 vitam
917 1446 1119 1525 diuturnam,
1140 1466 1241 1533 quorun
1263 1475 1264 1484 ¹

167 1532 195 1591 id
212 1530 285 1591 nihil
300 1531 470 1603 interesset,
485 1530 673 1604 bominibus,
688 1548 815 1609 quorum
830 1530 961 1593 maxime
976 1534 1189 1612 interfuisset,
1201 1546 1242 1597 un

168 1616 302 1696 exiguam
318 1616 405 1676 vitam
421 1615 564 1687 dedisset;
595 1634 723 1693 quorum
739 1615 763 1677 si
784 1627 863 1677 aetas
883 1617 1045 1695 potuisset
1064 1643 1133 1687 esse
1147 1622 1242 1702 lougirr

168 1702 265 1781 quior,
282 1703 414 1762 luturum
426 1701 516 1762 luisse
531 1711 565 1761 ut
577 1701 716 1762 omnibus
731 1701 871 1779 perlectis
881 1702 1006 1766 artibus
1023 1709 1114 1771 omui
1130 1708 1242 1771 doemn

169 1788 322 1848 homiuum
344 1786 401 1846 vita
422 1787 601 1847 erudiretur.
639 1786 827 1857 Querebatur
846 1786 940 1865 igitur
960 1807 997 1851 se
1022 1800 1110 1868 tum,
1134 1790 1242 1857 cumilh

168 1873 266 1933 videre
282 1872 438 1950 coepisset,
454 1871 611 1951 exstingui.
652 1870 753 1942 Quid?
768 1890 804 1931 er
820 1872 928 1933 ceteris
942 1874 1147 1961 philosophis
1161 1894 1241 1942 noune

169 1967 309 2037 optumus
325 1966 354 2017 et
368 1957 566 2034 gravissumus
582 1957 707 2036 quisque
722 1958 882 2019 confltetur
902 1959 1001 2020 multa
1017 1981 1056 2025 so
1078 1966 1242 2045 ignorared

117 2056 147 2105 tu
168 2043 260 2103 multa
276 2041 332 2102 sibi
348 2041 434 2101 otiam
451 2051 537 2120 atque
553 2042 641 2103 etiam
656 2062 720 2104 esse
735 2040 894 2103 discenda?
923 2044 1040 2124 Neque
1056 2056 1241 2125 tennemonn

170 2146 201 2187 se
223 2127 253 2187 in
276 2125 371 2186 media
392 2126 530 2199 stultitia,
553 2147 610 2206 qua
631 2128 706 2188 nihil
726 2136 772 2189 est
790 2127 890 2208 peius,
917 2128 1054 2194 haerere
1076 2136 1242 2217 intellegant

170 2210 354 2288 aegritudine
377 2221 569 2289 premuntur;
598 2214 678 2273 nulla
697 2213 776 2274 enim
798 2212 980 2275 admiscetur
1003 2218 1118 2298 opinio
1140 2216 1242 2285 officiosi

170 2361 253 2398 ueneu
266 2343 421 2396 Erheuotuis
438 2360 489 2396 von
507 2345 551 2398 der
568 2346 684 2413 Nichtig-
733 2346 780 2399 des
798 2346 815 2413 5
833 2350 884 2413 70).

171 2413 225 2466 heit
249 2413 293 2466 der
316 2415 440 2464 miseriae
461 2413 607 2467 berubende
631 2416 683 2466 Ab·
770 2418 811 2467 14.
828 2418 914 2466 eorvis
931 2422 960 2467 et
977 2425 1155 2478 cornicibus,
1187 2416 1244 2475 drid.

171 2480 682 2550 hirtuugodUnempfiudlicbheitgegeu
734 2482 795 2536 liet.
814 2483 863 2535 Vll.
883 2486 945 2537 ata:

171 2552 303 2604 dieselben
321 2552 384 2602 sein.
769 2552 929 2617 Viooct'eque
945 2554 1031 2606 iactes·
1056 2562 1146 2623 enci,
1169 2558 1245 2625 quibu

205 2622 229 2672 2.
241 2622 420 2684 sapientiam:
439 2618 480 2670 die
493 2618 683 2671 volllrommena
936 2622 1060 2688 insuper
1077 2628 1161 2679 addit

170 2687 683 2751 Weisheit,welcheaulserdeuStoilreru
776 2687 830 2737 Ora
857 2692 990 2754 caputque
1015 2706 1121 2746 nouam
1145 2693 1245 2747 oomni

171 2755 290 2805 uiemand
307 2754 410 2806 besitzl.
937 2761 1056 2813 saecula
1072 2780 1179 2831 passae.

205 2826 229 2874 4.
252 2837 337 2886 neque
360 2826 448 2871 tumeo
467 2823 566 2888 lugent,
584 2822 637 2888 vgl.
655 2822 683 2876 ll.
734 2821 794 2888 Vgl.
811 2822 877 2875 auch
893 2822 912 2875 l.
930 2826 973 2890 31,
987 2830 1033 2880 tr.
1264 2871 1268 2879 ,

173 2892 214 2953 12,
226 2891 271 2941 28:
291 2889 356 2952 Quis
367 2892 455 2954 igitur
472 2891 621 2957 Epicurum
634 2895 683 2946 cet.
771 2892 810 2943 18.
824 2891 1000 2959 Querebatur,
1020 2898 1094 2949 nach
1107 2898 1180 2963 breg.
1190 2890 1243 2949 hl.

208 2962 231 3009 5.
248 2960 344 3022 generi
360 2959 431 3023 mal,
449 2974 469 3012 s.
486 2976 518 3011 zu
535 2960 563 3010 ll.
576 2963 601 3022 4,
618 2963 655 3013 10.
736 2961 781 3010 dl:
799 2954 900 3025 Ἡμεῖς,
922 2954 1009 3013 ὁπότ’
1033 2962 1185 3035 ἀρχόμεθα
1199 2962 1243 3029 liv,

207 3031 231 3078 l.
255 3026 328 3092 quod
349 3028 432 3091 idon,
453 3029 563 3079 uamlich
581 3033 684 3078 rectum
734 3023 795 3078 τότ’
815 3025 1045 3096 ἀποθνήσκομεν.

172 3110 359 3159 esre-aegre
375 3094 461 3159 serre,
484 3111 603 3162 ungeuau
621 3101 684 3148 statt
770 3097 811 3147 21.
834 3098 916 3147 etiam
933 3101 1015 3163 atque
1035 3104 1138 3167 otiam,
1156 3095 1243 3169 eigaud.

172 3181 253 3231 quom
270 3163 387 3215 eandam.
737 3162 832 3215 wieder
853 3163 906 3215 und
930 3164 1024 3219 immet
1049 3170 1166 3233 wieder,
1189 3164 1241 3221 dh

213 3235 237 3285 8.
265 3233 366 3297 luctus,
393 3232 440 3282 mit
463 3229 552 3296 Bezug
576 3231 622 3283 aul
643 3234 685 3296 26,
735 3231 971 3293 uuunterbroeheu;
998 3249 1029 3287 es
1056 3239 1179 3293 vereteht
1200 3232 1242 3289 sid

172 3301 252 3360 arth
277 3317 344 3366 quae
363 3302 483 3351 omnium
501 3306 565 3366 cet,
586 3315 607 3353 s.
626 3316 648 3351 z.
665 3300 684 3351 Ι.
735 3314 787 3349 von
804 3299 899 3365 selbst‚
921 3300 978 3354 dass
993 3303 1075 3358 nicht
1092 3307 1185 3361 immer
1198 3302 1242 3355 dtr·

173 3374 214 3427 25,
227 3372 273 3422 61:
293 3385 360 3433 quae
377 3370 528 3431 investigat.
736 3367 808 3419 solbe
825 3367 925 3433 galernt
942 3370 1051 3425 werden
1072 3376 1136 3429 soll.

208 3440 232 3491 9.
250 3438 416 3500 Aristoteles,
433 3450 454 3486 s.
473 3451 503 3486 zu
522 3435 539 3486 l.
558 3438 582 3499 4,
596 3439 620 3488 Ἰ.
765 3436 980 3501 lhintallogant.
997 3439 1077 3495 Nach
1086 3433 1242 3511 qur‘equeurd

208 3510 247 3558 11.
254 3507 352 3570 paucis
361 3507 447 3567 annu,
461 3503 570 3555 nimlicb
580 3504 629 3555 seit
639 3502 685 3555 So·
735 3510 860 3570 uterque,
882 3505 933 3557 wie
956 3507 1023 3559 uach
1045 3508 1141 3566 Subst.
1158 3510 1243 3565 cotue

172 3575 266 3626 hrates
736 3571 1242 3643 (lv.3,amotucudu)geutsnchdon

209 3646 249 3696 13.
264 3641 469 3707 Theophrastus,
481 3655 502 3691 s.
514 3655 545 3691 zu
558 3639 575 3692 l.
591 3642 629 3703 19,
642 3643 683 3691 45.
734 3641 769 3691 im
788 3640 965 3706 folgenden
984 3642 1068 3699 Sotae
1087 3648 1161 3701 nieht
1175 3646 1242 3701 edm

172 3709 222 3761 Der
240 3710 281 3760 bei
303 3710 351 3760 den
369 3707 554 3773 Auldhruugen
573 3708 684 3760 leitende
735 3708 761 3758 in
780 3708 829 3761 deu
846 3708 933 3761 Plural
949 3710 1023 3764 dher.

174 3776 295 3828 Gedanhe
317 3776 352 3828 ist
374 3777 420 3827 das
437 3792 522 3842 neque
539 3781 628 3827 tomen
646 3779 685 3827 lu·
771 3779 811 3829 23.
824 3775 943 3840 officiosa·
958 3779 1077 3845 doloris,
1096 3785 1150 3839 wie
1166 3778 1242 3853 ptld

172 3846 275 3909 gentio
289 3844 344 3909 §68
356 3843 518 3908 (wiederbolt
530 3844 564 3895 im
577 3847 598 3896 1.
609 3844 685 3897 Satze
736 3847 761 3909 5,
776 3848 821 3899 12:
840 3844 957 3908 officiosi
973 3848 1096 3905 latores.
