2550 4410
450 224 544 279 ιιιιιιιι
560 226 592 281 ι.
614 231 653 294 ιι,
663 231 703 281 ιι.
714 231 755 282 oo.
821 238 824 243 ·
1090 228 1150 288 129

79 405 236 473 constans
252 397 317 458 sine
332 405 429 470 metu,
446 398 510 460 sine
526 399 724 478 aegritudine,
747 400 811 462 sine
827 401 974 463 alacritato
989 403 1064 475 ulla,
1087 403 1151 464 sine

77 483 201 545 libidine
226 501 327 544 noune
350 481 474 544 beatus?
497 487 534 545 At
553 502 672 564 semper
695 486 813 564 sapiens
827 487 908 562 talis3
930 506 1047 567 semper
1061 488 1152 567 igitur

76 569 191 629 beatus
215 569 274 629 lam
290 586 360 628 vero
378 569 427 647 qui
444 578 542 648 potest
556 571 600 630 vir
615 570 712 631 bonus
729 590 789 632 non
806 571 842 631 ad
856 571 895 645 id,
912 572 989 651 quod
1006 572 1150 634 laudabile

75 654 123 727 sit,
140 654 239 714 omnia
253 655 376 727 referre,
393 672 468 732 quae
483 655 542 734 agit
559 674 695 734 quaeque
709 654 819 717 sentit?
833 658 925 718 rolert
939 666 1037 720 autem
1052 660 1150 720 omnia

37 756 52 804 5
75 740 110 799 ad
137 739 222 800 beate
243 739 414 814 vivendum;
435 739 520 801 beata
543 741 633 820 igitur
653 741 710 802 vita
729 741 898 816 laudabilis;
921 744 1150 822 necquicquam

75 825 140 885 sine
155 825 264 886 virtute
281 824 439 900 laudabile;
456 824 541 886 beata
557 826 647 904 igitur
662 827 717 888 vita
732 827 838 888 virtute
853 828 1019 889 conficitur.

163 912 259 989 Atque
280 909 337 970 hoc
360 910 402 970 sic
419 910 505 970 etiam
522 912 726 972 concluditur:
747 913 807 973 Nec
824 913 853 973 in
870 914 975 974 misera
991 915 1047 974 vita
1064 914 1148 993 quic·
1169 896 1202 950 ¹⁷

78 1013 167 1073 quam
183 1005 227 1056 est
242 994 438 1075 praedicabile
457 1005 508 1057 aut
530 996 716 1076 gloriandum
740 1016 796 1059 nee
812 998 841 1058 in
863 1018 911 1072 ea,
932 1017 1006 1077 quae
1023 1018 1078 1060 nec
1094 999 1150 1059 mi·
1173 977 1202 1026 ⁴⁹

76 1099 142 1141 sera
164 1081 201 1141 sit
223 1100 278 1141 nec
299 1080 394 1141 beata.
428 1080 465 1141 Et
487 1091 530 1142 est
555 1081 584 1142 in
601 1083 697 1162 aliqua
713 1083 770 1144 vita
785 1083 981 1162 praedicabile
997 1085 1104 1164 aliquid
1122 1093 1151 1146 et

27 1177 55 1228 10
78 1165 264 1244 gloriandum
281 1184 314 1226 ao
329 1184 399 1245 prae
415 1185 447 1226 se
463 1167 628 1241 serendum,
644 1177 677 1229 ut
692 1167 928 1248 Epaminondas:

239 1251 373 1313 Consiliis
387 1256 495 1314 nostris
510 1252 574 1312 lace
589 1263 628 1314 est
643 1262 758 1315 attonsa
769 1252 922 1327 laeenam,

74 1343 108 1395 ut
123 1336 294 1397 Africanus:

162 1421 185 1481 A
201 1421 259 1482 sale
274 1425 421 1483 emoriente
434 1440 523 1501 capra
539 1421 660 1484 Maeotis
671 1422 792 1502 paludes

227 1506 316 1568 Nemo
332 1515 371 1567 est
387 1509 437 1587 qui
451 1508 536 1586 sactis
552 1512 736 1588 aequiperare
750 1516 841 1588 queat.

23 1601 51 1652 15
76 1589 160 1660 Quod
184 1591 207 1652 si
231 1601 291 1664 est,
314 1593 399 1653 beata
420 1591 477 1653 vita
504 1591 656 1672 glorianda
673 1601 701 1652 et
715 1591 911 1673 praedicanda
928 1601 957 1652 et
972 1610 1042 1672 prae
1058 1612 1089 1655 se
1106 1596 1147 1655 le·
1169 1606 1199 1656 50

75 1675 168 1736 reuda
191 1685 250 1753 est;
273 1677 346 1738 nibil
368 1685 413 1738 est
433 1678 514 1738 enim
537 1677 615 1738 aliud
639 1679 719 1757 quod
741 1676 969 1758 praedicandum
987 1686 1016 1738 et
1029 1697 1101 1758 prae
1116 1699 1148 1739 se

75 1761 231 1821 ferendum
257 1762 303 1824 sit.
349 1761 463 1834 Quibus
479 1762 583 1843 positis
605 1763 751 1842 intellegis
773 1763 842 1842 quid
858 1770 1014 1841 sequatnr;
1037 1772 1067 1823 et
1082 1763 1148 1842 qui·

76 1845 153 1921 dem,
170 1847 226 1908 uisi
243 1865 275 1908 ea
291 1848 348 1908 vita
364 1847 447 1908 beata
463 1857 516 1920 est,
532 1866 608 1927 quae
623 1856 668 1910 est
683 1850 784 1909 eadem
800 1849 933 1920 honesta,
949 1847 987 1909 sit
1002 1848 1078 1908 aliud
1096 1868 1149 1909 ne·

75 1948 156 1992 cesse
173 1941 218 1993 est
232 1933 337 1994 melius
351 1933 408 1994 vita
423 1932 524 2010 beata3
548 1934 628 2013 quod
644 1934 700 1994 erit
715 1933 794 1994 enim
810 1934 984 2005 honestum,
1009 1941 1089 1994 certo
1104 1935 1149 1993 la·

23 2028 52 2080 10
74 2016 219 2078 tebuntur
231 2037 294 2079 esse
310 2018 425 2080 melius.
449 2019 490 2079 lta
507 2019 562 2080 orit
577 2018 661 2079 beata
675 2019 731 2080 vita
746 2018 852 2080 melius
867 2017 986 2097 aliquid,
1003 2037 1061 2097 quo
1077 2019 1146 2097 quid

74 2111 172 2180 potest
194 2103 250 2164 dici
273 2101 462 2183 perversius?
484 2101 583 2175 Quid?
606 2123 674 2165 eum
696 2105 826 2166 fatentur
847 2103 917 2165 satis
934 2121 1069 2183 magnam
1091 2104 1148 2164 vim

75 2205 138 2248 esse
150 2187 180 2247 in
194 2188 270 2250 vitiis
283 2189 319 2249 ad
339 2190 477 2250 miseram
495 2189 592 2262 vitam,
610 2208 712 2250 nonne
727 2189 878 2251 latendum
893 2198 938 2251 est
953 2191 1076 2250 eandem
1091 2189 1149 2249 vim

74 2271 104 2332 in
128 2273 235 2334 virtute
258 2293 322 2335 esse
343 2274 378 2335 ad
400 2273 514 2335 beatam
529 2272 639 2336 vitam?
663 2275 887 2336 Contrariorum
905 2274 985 2336 enim
1000 2275 1149 2335 contraria

110 2410 134 2458 1.
152 2407 296 2459 alacritate
307 2407 362 2460 bier
380 2409 406 2460 iu
424 2408 517 2460 malam
531 2424 588 2474 par·
639 2407 754 2473 Σπάρτη
772 2410 823 2473 μὲν
840 2409 963 2476 ἐκείρατο
972 2403 1083 2474 differe).

75 2480 127 2525 tem
149 2476 192 2539 (=
215 2471 329 2540 ἡδονή
357 2477 397 2528 1ιεί
424 2477 473 2528 deu
499 2476 587 2528 Stoi·
674 2480 713 2530 12.
732 2475 889 2539 Africanae,
908 2476 952 2527 der
966 2476 1061 2528 Altere.
1097 2475 1147 2527 llas

73 2542 179 2607 kern),
196 2545 326 2597 woiurim
345 2547 369 2596 4.
382 2543 469 2597 Bucbe
482 2546 587 2597 laetitia
638 2544 770 2596 Disticbon
794 2546 828 2595 ist
850 2559 901 2594 vau
924 2543 1020 2594 Ennius
1042 2543 1094 2594 und
1119 2558 1147 2594 es

70 2615 203 2676 gastim,
226 2642 258 2650 -
277 2615 423 2676 exsultans,
440 2641 475 2652 -
492 2616 587 2679 nimia,
638 2613 745 2678 gehdrte
769 2612 834 2663 daza
862 2611 1074 2663 wabrsebeinlicb
1101 2611 1147 2662 das

73 2680 139 2730 aucb
166 2680 270 2732 laetitia
293 2681 383 2743 alteia,
411 2681 472 2733 oder
496 2684 587 2733 inanis
637 2696 688 2732 von
708 2680 805 2732 Seneca
823 2681 908 2746 (epist.
926 2679 1010 2732 llVlll.
1030 2682 1055 2744 5)
1073 2680 1148 2730 iiber-

73 2776 122 2809 —,
140 2749 257 2800 insoleus
277 2779 321 2815 -‚
339 2749 440 2811 futtilis
456 2750 587 2801 alamitae
637 2748 750 2801 lieierte:
776 2748 808 2801 Si
828 2747 873 2809 fas
890 2748 958 2799 endo
974 2749 1072 2814 plagas
1090 2764 1147 2797 cae-

72 2816 215 2881 gebraucbt
234 2833 327 2871 waren.
639 2819 733 2868 laetam
745 2818 886 2868 ascendere
901 2819 1090 2882 cuiquamst,
1108 2815 1148 2866 Mi

109 2886 132 2935 3.
151 2886 209 2935 Iam
226 2901 288 2937 varo
308 2891 356 2939 eet.
392 2885 466 2937 Sinn:
487 2884 524 2936 Da
542 2884 587 2937 der
636 2886 689 2936 soii
706 2886 775 2937 caeli
789 2887 910 2936 mxima
927 2889 1007 2951 porta
1022 2888 1106 2950 patet.

73 2949 162 3003 Weise
190 2953 273 3005 selbst
300 2970 342 3005 um
369 2955 453 3006 seiner
477 2952 586 3019 'lugend
673 2956 713 3007 13.
731 2970 814 3020 supra
831 2953 958 3018 tjenseits)
974 2981 1008 2993 -
1027 2953 1147 3019 palatios,

73 3019 163 3072 willen
181 3027 246 3074 stets
260 3021 404 3088 gluclrselig
416 3022 458 3085 ist,
476 3037 505 3074 so
518 3023 585 3074 murs
637 3021 683 3074 aul
705 3022 746 3073 die
765 3022 845 3088 Frage
858 3017 944 3072 ‘wal’
964 3021 1057 3072 Zusatz
1079 3035 1112 3071 zu
1130 3037 1146 3071 a

73 3103 102 3138 es
125 3089 190 3140 aucb
214 3090 268 3141 sein
285 3089 372 3142 Leben
396 3091 450 3143 sein
473 3089 524 3142 und
544 3089 585 3142 die
635 3091 692 3140 soie
709 3094 853 3142 eaorieate.
882 3090 992 3140 Maeotis
1006 3088 1147 3140 iirrMaao·

73 3154 278 3224 Glirclrseliglreit
290 3158 424 3211 desselben
440 3157 585 3225 alsaledig-
637 3159 714 3219 tiam
737 3158 789 3225 vgl.
807 3158 838 3210 de
856 3158 905 3223 leg.
925 3171 977 3222 agr.
994 3156 1023 3208 ll.
1043 3159 1082 3218 19,
1101 3159 1146 3209 52:

73 3224 124 3275 licb
143 3240 194 3277 von
213 3227 258 3277 der
276 3226 383 3293 Tugend
401 3226 545 3292 abbingeu.
636 3227 751 3285 Maeotin
770 3226 846 3278 dass
864 3227 913 3277 wie
931 3225 949 3276 l.
967 3228 992 3290 5,
1010 3227 1040 3275 10
1059 3225 1085 3274 in
1104 3224 1146 3275 Si·

109 3295 133 3344 9.
151 3294 188 3344 Et
205 3320 238 3339 =
256 3298 342 3361 atqui,
359 3309 380 3346 s.
398 3310 430 3346 zu
447 3294 583 3359 lll.'l,15:
635 3296 743 3361 eypoaa.

73 3365 100 3410 et
116 3365 255 3427 sapientis,
673 3365 713 3415 14.
731 3365 907 3428 aequiperare
924 3359 975 3424 (ein
993 3374 1044 3410 von
1058 3357 1145 3410 Cicero

109 3435 148 3479 est
168 3459 200 3467 —
216 3430 393 3495 gloriandum
416 3428 477 3493 (und
501 3428 517 3494 ξ
539 3433 585 3482 5οι
636 3430 719 3481 selbot
728 3430 798 3481 nicbt
808 3428 976 3495 gebrauchtes
985 3424 1078 3490 wart),
1090 3426 1146 3478 scil.

74 3499 152 3548 beata
170 3500 226 3549 vita
238 3499 386 3564 glorianda
398 3500 457 3562 cath
477 3513 496 3551 s.
509 3497 547 3550 lll.
561 3501 584 3562 ¹1,
635 3514 685 3548 me.

77 3568 108 3617 15
127 3580 158 3616 zu
177 3568 214 3617 ad
229 3583 326 3618 manus
342 3564 518 3632 frangendam.
673 3569 712 3618 11.
731 3564 880 3630 etquidem
903 3561 1053 3615 bezeichnet
1075 3561 1146 3612 nicbt

108 3636 138 3683 ia
157 3637 250 3701 aliqua
269 3638 324 3687 oita
340 3632 376 3686 ‘in
394 3636 527 3688 manahem
539 3633 585 3686 Le·
637 3634 719 3686 selten
737 3659 770 3678 =
787 3637 867 3698 atquc
889 3631 937 3684 den
955 3617 1092 3696 llbergang
1113 3645 1146 3681 zu

73 3693 144 3753 beu'.
636 3703 719 3754 einem
750 3701 839 3753 weiter
870 3698 1057 3751 aasir‘rbrendeu
1085 3696 1146 3749 oder

109 3774 149 3822 11.
169 3771 294 3822 Consiliis
308 3777 357 3823 cet
392 3770 463 3823 Naeb
475 3770 585 3823 Pausan.
636 3769 813 3822 erliuternden
831 3767 952 3830 blamont,
970 3767 1020 3818 wie
1038 3781 1060 3819 z.
1079 3765 1109 3818 B.
1127 3764 1145 3820 l.

72 3836 115 3889 lX.
135 3843 175 3903 15,
194 3843 211 3892 4
227 3839 281 3903 ider
298 3839 343 3890 das
356 3839 501 3907 Epigramm
519 3839 586 3891 voll-
637 3837 793 3901 34,83;111.
812 3839 854 3903 21,
866 3841 911 3897 50;
933 3833 961 3890 V.
981 3837 1023 3898 32,
1035 3837 1067 3887 92
1085 3851 1109 3885 u.
1122 3849 1145 3887 a.

72 3907 176 3972 stindig
193 3908 279 3973 giebt:
301 3901 456 3974 Ἡμιτέραιι
476 3904 586 3974 staalaic
671 3910 711 3960 23.
725 3910 932 3958 contrariorum.
955 3902 1016 3954 bars
1028 3901 1145 3954 aucune-

126 4006 205 4051 Clcaro
219 4008 311 4051 Tuscul.
326 4007 355 4052 ll.
378 4009 399 4052 8.
413 4009 468 4050 butt.
925 3991 941 4042 9
