2550 4410
320 159 411 213 uerri
429 163 449 217 ι.
466 164 508 227 se,
526 164 568 214 en.
586 164 628 227 so,
646 165 688 215 oe.
996 159 1036 221 87

42 353 65 394 ,ο
87 334 205 412 quando
228 335 259 395 in
275 336 379 394 Latmo
400 334 593 406 obdormivit,
609 334 660 412 qui
675 343 720 394 est
734 352 821 395 mons
835 333 946 409 Cariae,
961 355 1038 396 non·

60 420 184 498 opinor,
199 429 245 480 est
259 430 459 498 experrectus.
496 421 573 480 hum
595 419 686 497 igitur
706 437 774 479 eum
795 437 900 479 curare
920 439 1035 491 censes,

47 504 132 565 Luna
146 503 282 566 laboret?
304 524 321 564 a
336 524 394 582 qua
408 505 583 584 consopitus
597 513 733 582 putatur,
755 513 788 564 ut
802 523 869 564 eum
886 505 1036 566 dormien-

41 590 231 650 nscularetur.
254 590 331 660 Quid
343 599 427 650 curet
438 599 545 662 autem,
561 589 612 667 qui
629 608 667 649 ne
678 588 769 649 sentit
782 587 923 665 quidem?
941 589 1037 650 llabes

41 694 102 734 ium
124 675 282 754 imaginem
307 676 425 748 mortis,
452 693 576 753 eamque
599 673 706 733 cotidie
730 673 837 746 induis,
860 684 889 734 et
910 673 1037 746 dubitas,

60 778 166 820 sensus
187 760 218 820 in
241 770 337 820 morte
358 760 457 821 nrdlus
479 761 531 832 sit,
552 759 665 820 cumin
683 758 747 818 eius
766 758 1038 820 simulacrovideas

43 844 159 905 nullum
174 842 318 905 sensum?

50 929 204 990 Pellantur
214 949 285 1008 ergo
297 929 370 989 istae
382 930 510 1008 ineptiae
522 949 618 1008 paene
629 929 731 1002 aniles,
746 938 815 989 ante
829 938 946 1008 tempus
961 930 1037 990 mori
1048 935 1086 991 8⁹

41 1033 107 1074 rum
123 1034 196 1076 esse.
226 1015 313 1085 Quod
328 1014 446 1076 tandem
463 1013 601 1093 tempus?
616 1012 807 1075 Naturaenel
821 1016 904 1075 htea
920 1014 1038 1092 quidem
1058 1027 1089 1076 93

41 1118 176 1160 'usuram
187 1100 262 1159 vitae
274 1110 421 1178 tamquam
434 1099 577 1180 pecuniae
593 1099 674 1159 nulla
689 1099 861 1178 praestituta
876 1099 933 1160 die.
959 1099 1036 1170 Ouid

41 1184 120 1261 gitur,
136 1185 215 1263 quod
230 1203 366 1262 querare,
381 1186 405 1246 si
417 1184 533 1265 repetit,
547 1203 616 1244 cum
630 1182 711 1245 volt?
726 1203 760 1244 ea
771 1184 851 1244 euim
861 1184 1037 1245 condicione

41 1288 131 1348 peras.
171 1270 261 1342 ldem,
287 1270 312 1330 si
323 1288 400 1348 puer
411 1289 517 1350 parvus
529 1269 645 1342 occidit,
661 1288 756 1347 aequo
768 1269 868 1330 animo
880 1269 1036 1330 ferendum

41 1365 88 1429 nt,
109 1355 133 1415 si
149 1373 218 1414 vero
240 1355 270 1414 in
287 1355 388 1429 cunis,
413 1376 451 1416 ne
466 1354 651 1433 querendum
666 1354 794 1431 quidem.
814 1334 912 1432 bttqui
927 1354 964 1415 ab
979 1355 1038 1415 hoc

41 1439 100 1500 hius
111 1440 208 1518 exegit
218 1449 322 1500 natura
337 1440 417 1517 quod
431 1441 560 1501 dederat.
590 1439 729 1498 Nondum
739 1449 916 1518 gustaverat,
931 1439 1038 1517 inquit,

59 1525 245 1599 suavitatem
278 1525 326 1584 hic
348 1536 446 1586 autem
469 1525 526 1585 iam
546 1523 684 1603 sperabat
703 1542 826 1602 magna,
849 1524 959 1602 quibus
977 1524 1036 1585 lrui

43 1619 115 1669 erat.
145 1614 182 1669 ht
197 1610 225 1669 id
242 1609 359 1688 quidem
376 1611 405 1670 in
423 1610 529 1671 ceteris
543 1609 634 1668 rebus
649 1608 754 1669 melius
769 1618 898 1686 putatur,
910 1609 1037 1688 aliquam

40 1712 81 1753 em
105 1713 192 1772 quam
216 1695 325 1754 nullam
347 1695 508 1774 attingere;
529 1712 584 1754 cur
599 1693 629 1752 in
644 1693 701 1754 vita
715 1690 824 1754 secus?
852 1693 1037 1773 Quamquam

59 1780 133 1838 male
161 1779 201 1839 ait
221 1779 414 1840 Callimachus
442 1781 532 1840 oculo
557 1782 670 1857 soepius
698 1778 860 1838 locri'mosse
886 1778 1037 1840 hiemum

40 1863 210 1924 eTroilum.
242 1864 354 1924 Eorum
380 1875 493 1937 autem,
523 1863 575 1942 qui
605 1872 706 1923 exacta
734 1871 828 1922 aetate
859 1863 1037 1937 moriuntur,

40 2003 110 2048 nsatz
124 1996 189 2062 lolgt
202 1998 227 2048 in
240 1996 285 2048 der
294 1996 386 2064 Frage:
404 1997 476 2048 diem
527 2012 603 2063 sogar
621 1994 792 2061 regelmilsigl
816 1994 858 2046 die
875 1993 1037 2060 Priposition

40 2081 197 2125 r-cerues;
210 2070 241 2115 ut
251 2090 282 2110 -
291 2083 326 2116 erc
335 2082 395 2131 quo.
413 2066 475 2117 Zum
527 2081 559 2116 zu
577 2063 732 2130 supplieren,
752 2063 800 2114 wie
813 2063 828 2128 ᾖ
840 2065 874 2115 91
886 2062 927 2115 bei
940 2079 993 2128 pua
1005 2064 1037 2114 il-

40 2133 113 2198 tvgl.
123 2133 155 2184 de
164 2131 207 2183 fin.
218 2131 248 2183 V.
262 2135 302 2196 20,
313 2137 359 2185 55:
375 2134 477 2199 ltaque,
527 2132 569 2183 loa
580 2132 718 2191 batiolam
730 2133 771 2194 16,
781 2134 841 2184 111:
855 2133 950 2196 quidue
959 2131 1037 2196 uolgo
1052 2158 1065 2188 ι

40 2203 50 2249 i
74 2201 273 2252 iucundissimis
298 2202 404 2266 quidem
428 2219 476 2253 nos
526 2204 685 2266 opinantur,
698 2198 1037 2264 ht.17,3r:Quasrcat.M.

40 2272 76 2318 lie
101 2286 197 2319 usuros
220 2275 356 2334 putemur,
384 2267 476 2336 Eudp-
526 2272 550 2333 6,
571 2272 610 2321 15.

41 2339 396 2388 isrorrruumuobiruelinruc
405 2338 476 2402 deri,
563 2339 602 2389 13.
631 2352 695 2386 uero
724 2335 868 2401 steigernd:
894 2327 1038 2400 ‘rollenus

40 2407 82 2454 eri
93 2406 206 2470 accidat,
223 2408 319 2455 mortis
329 2408 417 2456 imtor
424 2421 477 2470 pu·
528 2396 593 2470 gar’,
605 2403 656 2468 vgl.
671 2406 713 2467 41,
722 2405 767 2454 98:
787 2402 819 2455 ut
830 2419 892 2453 nero
904 2403 1038 2468 conloqui.

40 2489 59 2526 c.
84 2472 185 2525 Platon.
202 2472 307 2524 Phidon
325 2490 350 2539 p.
369 2476 401 2525 72
411 2489 433 2524 c.
564 2473 603 2524 11.
614 2473 712 2536 inquit,
725 2485 760 2521 sc.
772 2470 882 2535 aliquis:
892 2462 983 2522 ‘men'.
1002 2470 1038 2521 So

43 2543 90 2605 qui
101 2545 226 2591 estmorae
238 2541 342 2594 Carice.
362 2540 408 2592 Die
419 2541 476 2592 eine
528 2540 593 2591 auch
611 2539 653 2590 bei
671 2536 782 2588 anderen
800 2535 915 2600 Verben,
939 2538 1038 2588 wlede

40 2609 199 2674 ›estimmung
213 2607 376 2660 euthaltende
390 2611 477 2676 Appo-
528 2623 564 2660 or.
576 2606 594 2658 l.
607 2608 632 2671 8,
642 2607 688 2655 30:
707 2620 791 2668 neque
808 2621 871 2654 uero
887 2606 955 2654 mihi
965 2607 1039 2669 quio

39 2693 45 2726 ι
58 2678 121 2728 wird
135 2677 298 2743 regelmissig
311 2676 390 2728 durch
402 2677 476 2728 einen
528 2691 609 2740 quom
627 2673 817 2740 praestabilius
834 2672 941 2722 uidetur
958 2688 1039 2737 quam

39 2745 126 2795 ,ivsatz
139 2746 318 2810 ausgedrircht.
340 2743 397 2811 Vgl.
411 2744 476 2796 Phil.
524 2760 602 2809 porse
618 2770 652 2779 -
670 2741 819 2792 uolumotor
832 2741 967 2804 impellere
985 2757 1038 2806 quo

42 2816 70 2863 t:
88 2814 125 2862 od
136 2813 334 2878 Leucopetram,
352 2814 425 2878 quod
440 2817 480 2862 est
529 2813 607 2874 uelit,
624 2809 696 2860 unde
713 2813 801 2859 aulem
820 2809 885 2859 uelit
900 2808 1039 2874 deducere,

39 2885 183 2930 tentorium
200 2883 264 2945 agri
279 2880 385 2945 Regini.
530 2895 574 2930 wo
589 2879 635 2930 das
653 2877 755 2942 allgem.
768 2876 840 2941 Subj.
855 2877 890 2928 im
902 2876 948 2929 lnl.
966 2876 1038 2943 liegt.

51 2953 158 3014 opinor,
182 2948 325 3015 spottelnd;
346 2964 367 3000 s.
386 2951 428 3013 22,
446 2952 478 3000 52
528 2947 630 2998 Ebenso
643 2962 667 3011 p.
681 2944 744 2997 Mur.
758 2949 781 3008 t,
797 2948 836 2997 16.
873 2943 930 3012 Vgl.
948 2961 980 2995 zu
995 2945 1038 2999 lll.

39 3018 105 3068 redo.
530 3017 553 3078 S,
574 3018 602 3067 11
623 3013 675 3065 und
693 3011 722 3064 V.
741 3016 783 3078 lt,
803 3015 859 3066 118.

39 3084 186 3134 cumburc
198 3084 311 3135 laboret:
324 3098 399 3134 wenn
408 3081 477 3133 Luna
565 3086 604 3136 11.
614 3082 780 3146 Quamquam
790 3089 838 3132 cet.
854 3079 929 3131 Sinu:
939 3079 1039 3131 Gleich-

39 3154 122 3216 ctist,
140 3151 164 3203 d.
178 3153 202 3203 h.
220 3167 296 3203 wenu
314 3152 371 3202 eine
389 3149 478 3202 Mond-
530 3152 599 3202 wohl
628 3151 663 3201 ist
686 3149 870 3200 hinwiederum
894 3149 1039 3199 einzuwen·

39 3221 98 3271 ernis
115 3220 220 3280 eintritt,
238 3220 293 3270 also
311 3243 344 3262 =
362 3218 477 3279 deliciet.
529 3218 586 3282 den,
605 3232 659 3268 was
670 3216 839 3268 Callimachus
857 3222 915 3282 sagi
932 3221 990 3278 cet„
1009 3230 1038 3266 so

39 3287 95 3339 lac.
105 3304 163 3341 anu.
173 3287 190 3339 l.
201 3289 244 3348 28;
258 3287 311 3341 Liv.
321 3285 408 3338 lllllll.
419 3291 442 3350 5,
453 3290 477 3338 9.
519 3287 585 3340 dale
602 3300 661 3337 man
679 3285 704 3334 ln
722 3285 859 3350 gewissem
872 3282 951 3336 Sinde
967 3284 1040 3334 recht

46 3357 139 3419 liedes,
158 3371 178 3406 s.
196 3371 228 3405 zu
246 3358 289 3419 19,
303 3358 358 3408 119.
529 3354 606 3406 daran
626 3353 696 3416 thut‚
715 3351 764 3403 den
782 3350 838 3402 Tod
856 3353 927 3416 elpes
945 3350 1039 3401 llindes

55 3428 81 3474 ei
105 3427 161 3487 (vor
182 3425 298 3478 dubitas}
315 3415 380 3474 ‘und
398 3414 478 3473 doch'
531 3422 644 3486 weniger
661 3435 693 3470 zu
711 3419 845 3484 beklngeo.
878 3417 946 3469 Uber
964 3417 1040 3468 Calli·

44 3485 109 3543 ‘und
127 3492 200 3543 dabei
219 3484 307 3555 noch‘,
325 3489 425 3544 wielll.
441 3493 480 3556 16,
530 3491 636 3540 machus
654 3503 674 3539 s.
693 3503 725 3540 zu
743 3489 784 3550 34,
802 3488 843 3538 81.

39 3562 70 3610 de
87 3566 117 3610 tu
136 3560 256 3611 obliuisci
272 3561 361 3610 iudea?
568 3560 605 3609 19.
627 3554 754 3606 Troilum.
780 3552 891 3616 Troilus,
908 3551 950 3602 ein
968 3550 1037 3602 Sohu

51 3628 129 3691 Quod
150 3630 256 3678 tolidem
273 3630 391 3693 corripui?
425 3626 480 3675 Ans
531 3625 577 3675 des
595 3622 723 3686 Priamus,
740 3621 785 3672 fiel
802 3620 862 3672 sehr
875 3618 942 3684 jung
958 3617 1038 3670 durch

39 3696 271 3762 Verbergeheuden
288 3695 323 3747 ist
339 3692 435 3760 (hiuhg
454 3694 479 3744 in
531 3691 650 3743 Achilles'
670 3690 757 3754 llend,
778 3687 817 3739 ele
838 3703 866 3739 er
889 3687 977 3739 diesen
994 3702 1038 3738 eu-

39 3764 194 3829 llstindigen
205 3764 316 3814 Relativ·
326 3762 378 3814 und
390 3762 479 3828 Frage·
531 3758 596 3825 grid.
615 3756 672 3824 vgr.
685 3756 775 3810 heml.
785 3759 847 3808 475:
860 3753 961 3817 lasciue
972 3771 1040 3820 puer·

42 3850 66 3898 n,
84 3833 109 3882 in
128 3831 226 3897 Fragen
244 3833 288 3883 der
296 3829 480 3896 Widerlegung
530 3833 610 3892 cique
626 3829 716 3891 impar
732 3839 890 3890 congressus
905 3823 1013 3877 Achilli.
