2550 4410
152 171 191 231 m
504 171 873 239 mmmwmws

149 345 261 406 habere
272 345 385 420 vellem,
403 345 488 406 neiis
504 346 632 424 quidem,
648 364 723 424 quae
735 346 840 421 habeo,
855 344 925 405 mihi
941 363 995 425 per
1005 353 1034 406 te
1046 345 1091 405 uti
1103 344 1223 406 licebit?

150 431 216 491 Non
229 431 304 491 valet
316 439 431 491 tantum
451 431 576 502 animus,
592 439 625 490 ut
637 449 668 491 se
682 427 803 514 [ipsum]
816 432 879 510 ipse
891 430 1001 506 videat;
1027 437 1055 490 at
1067 439 1102 490 ut
1113 431 1222 504 oculus,

150 516 193 576 sic
215 517 331 577 animus
352 535 383 577 se
405 534 466 576 non
488 517 591 576 videns
611 516 666 576 alia
689 517 792 576 cernit.
829 516 895 576 Non
917 515 995 576 videt
1010 523 1120 590 autem,
1148 517 1222 594 quod

150 601 304 662 minimum
328 610 386 675 est,
407 601 530 661 formam
546 619 627 663 suam
651 619 885 680 —quamquam
907 601 1030 661 fortasse
1051 601 1081 660 id
1097 619 1222 679 quoque,

150 688 200 748 sed
224 687 426 765 relinquamus
442 704 498 760 -3
513 687 569 746 vim
587 694 676 759 certe,
692 687 888 765 sagacitatem,
904 685 1087 759 memoriam,
1103 693 1222 758 motum,
1238 698 1247 747 1

150 772 329 832 celeritatem
340 772 427 831 videt.
450 771 529 831 llaec
541 790 655 850 magna,
668 773 740 832 baec
752 772 858 845 divina,
870 772 942 832 haec
952 771 1134 850 sempiterna
1147 780 1221 832 sunt.

151 857 216 927 Qua
231 858 304 917 faeie
320 855 438 934 quidem
454 856 491 916 sit
506 867 557 916 aut
571 857 621 917 uhi
637 857 748 918 habitet
764 876 802 916 ne
819 856 1021 936 quaerendum
1037 857 1157 935 quidem
1174 866 1221 917 est.

99 949 137 1005 28
236 941 274 1000 Ut
288 959 355 1001 cum
373 941 506 1002 videmus
527 942 655 1020 speciem
671 943 801 1022 primum
816 943 1034 1020 candoremque
1049 942 1141 1014 caeli,
1157 942 1220 1002 dein

99 1040 129 1090 68
151 1026 354 1087 conversionis
376 1026 557 1087 celeritatem
578 1035 704 1100 tantam,
727 1036 866 1106 quantam
888 1027 1017 1104 cogitare
1039 1046 1103 1087 non
1120 1045 1220 1105 possu-

150 1128 233 1183 mus,
255 1119 319 1170 tum
334 1111 548 1173 vicissitudines
570 1111 684 1172 dierum
705 1130 739 1172 ac
762 1113 893 1173 noctium
917 1113 1254 1190 commutationesquett

150 1205 315 1275 temporum
332 1196 568 1276 quadrupertitas
586 1198 620 1258 ad
634 1198 832 1258 maturitatem
851 1197 970 1275 frugum
982 1204 1011 1257 et
1026 1197 1060 1257 ad
1078 1205 1221 1276 tempera·

150 1280 262 1340 tionem
290 1299 451 1362 corporum
478 1291 574 1362 aptas,
602 1301 765 1362 eorumque
792 1283 924 1343 omnium
950 1282 1171 1343 moderatorem
1197 1291 1222 1343 et

151 1367 256 1426 ducem
268 1367 370 1441 solem,
386 1366 546 1445 lunamque
558 1368 726 1428 accretione
743 1376 772 1428 et
787 1367 990 1429 deminutione
1005 1366 1221 1446 luminis‘quasi

150 1452 294 1512 fastorum
316 1459 468 1512 notantem
485 1460 514 1513 et
528 1453 744 1531 significantem
759 1453 836 1524 dies,
858 1460 921 1513 tum
937 1452 967 1512 in
983 1453 1089 1513 eodem
1105 1452 1179 1513 orbe
1194 1453 1220 1512 in

150 1536 305 1597 duodecim
327 1536 417 1616 partis
438 1538 594 1599 distributo
611 1539 743 1617 quinque
765 1538 862 1600 stellas
877 1538 968 1611 ferri,
985 1537 1106 1598 eosdem
1121 1556 1222 1598 cursus
1236 1547 1254 1598 u

151 1622 387 1683 constantissime
414 1623 566 1698 servantis,
593 1623 758 1704 disparibus
784 1624 862 1683 inter
884 1642 915 1683 se
935 1622 1073 1696 motibus,
1102 1631 1221 1684 noctur·

151 1726 278 1785 namque
300 1708 373 1769 caeli
395 1710 518 1769 formam
537 1708 670 1787 undique
685 1709 831 1770 sideribus
853 1715 999 1781 ornatam,
1023 1717 1086 1767 tum
1103 1708 1220 1785 globum

150 1800 245 1854 terrae
272 1793 452 1855 eminentem
468 1814 484 1854 e
499 1794 588 1866 mari,
611 1795 700 1854 tixrrm
723 1794 753 1854 in
770 1793 866 1854 medio
881 1793 983 1854 mundi
1000 1793 1131 1854 universi
1147 1794 1220 1866 loco,

152 1878 264 1940 duabus
285 1879 346 1940 oris
367 1879 544 1940 distantibus
559 1878 746 1939 habitabilem
769 1888 798 1939 et
820 1878 947 1952 cultum,
974 1896 1101 1956 quarum
1124 1880 1221 1952 altera,

157 1982 244 2041 quam
261 1983 316 2024 nos
331 1963 496 2037 incolimus,
1237 1970 1255 2022 1

183 2095 238 2130 nou
262 2080 296 2130 ist
313 2093 404 2143 wegen
423 2079 469 2130 des
487 2079 661 2143 Gegeusatzes
713 2083 877 2145 temperatio,
896 2095 955 2130 eum
974 2096 1003 2130 ea
1017 2086 1176 2145 congruunt
1187 2085 1223 2130 in-

150 2161 182 2196 zu
201 2161 268 2211 quae
287 2148 383 2196 leaders
399 2146 491 2197 uellem
515 2162 560 2199 vor
579 2150 661 2199 habeo
713 2153 800 2209 terre,
818 2150 939 2213 equibus
951 2152 1110 2212 constamus,
1123 2152 1223 2201 canitur

150 2218 213 2265 statt
230 2229 276 2265 vor
295 2217 383 2264 omnia
402 2218 508 2280 gesetzt.
712 2216 826 2277 diuitum
845 2216 897 2267 und
914 2215 982 2267 oben
1002 2219 1042 2279 10,
1061 2219 1102 2270 21.

185 2284 208 2334 2.
243 2285 359 2348 seipse,
383 2282 610 2350 vgl.au30,73:
633 2301 661 2333 se
749 2286 787 2335 13.
816 2287 895 2348 quasi
910 2283 1002 2349 gehdrt
1019 2299 1051 2334 zu
1068 2284 1223 2338 denPartic

149 2353 208 2416 ipsa
226 2353 341 2403 intruens.
711 2350 763 2402 und
777 2351 854 2402 daher
870 2353 934 2403 auch
948 2367 979 2402 zu
992 2352 1060 2404 allen
1072 2368 1124 2404 von
1138 2353 1222 2406 diesen

185 2422 208 2472 3.
227 2420 300 2485 quod
314 2422 454 2471 minimum
472 2424 522 2470 eat:
547 2434 601 2470 was
619 2434 660 2470 am
712 2418 1224 2485 ahhdugigenBegriffen,weshalbesmit

149 2489 292 2555 wenigsteu
311 2504 343 2540 zu
361 2488 488 2541 bedenten
507 2489 558 2541 hat.
711 2482 1223 2550 110001ιο1100101οι01000001οὓ110

183 2559 207 2609 4.
232 2573 392 2623 quamquam
405 2558 480 2608 -id
499 2572 611 2622 quoque,
626 2570 661 2606 sc.
712 2548 881 2622 lendertage')
894 2560 993 2622 gesetzt
1011 2555 1115 2608 werden
1134 2557 1222 2609 durlte.

148 2625 210 2688 fieri
225 2630 321 2690 potest.
713 2622 762 2674 Der
773 2622 859 2688 blond,
869 2624 981 2675 welcher
993 2623 1072 2676 durch
1084 2624 1224 2691 011οΗ0801-

184 2697 209 2743 1.
228 2693 286 2755 Quo
304 2690 376 2752 faeie
393 2692 499 2757 quidem
515 2695 559 2742 sit.
598 2692 662 2755 Qui·
712 2691 858 2756 malsiglreit
866 2691 1091 2744 seinesWeohsels
1104 2692 1147 2744 die
1157 2692 1222 2759 'lage

151 2761 209 2810 dem
220 2759 284 2810 hebt
296 2758 341 2810 das
351 2759 432 2823 Wort,
445 2758 530 2811 wobei
543 2774 571 2810 es
584 2760 661 2824 steht,
712 2759 865 2811 bestimmen
880 2759 948 2824 ldlst,
965 2759 1029 2810 wird
1043 2761 1125 2812 selbst
1134 2763 1183 2814 mit
1192 2762 1223 2813 ei·

151 2827 221 2878 starlr
240 2827 343 2886 hervor;
370 2827 404 2877 ist
425 2841 477 2878 nun
500 2826 545 2877 der
562 2826 661 2892 Gegen-
712 2843 770 2879 uem
783 2827 1222 2895 Kelenderverlertigerverglicheu.

151 2898 205 2947 satz
218 2894 281 2946 dazu
299 2895 379 2946 sehon
391 2908 613 2960 vorangegangen,
632 2911 661 2946 so
749 2898 787 2948 14.
801 2898 864 2947 orbe
876 2898 920 2959 (sc.
932 2896 1088 2961 signifero):
1102 2897 1148 2949 der
1157 2897 1223 2950 'lier-

150 2963 252 3015 vertritt
270 2977 298 3015 es
320 2962 361 3013 die
380 2960 460 3014 Stelle
478 2964 548 3014 einer
565 2962 661 3014 Adver·
712 2963 789 3028 lueis,
802 2958 949 3030 ζωδιακός.
974 2963 1016 3015 uie
1026 2967 1057 3016 12
1067 2964 1223 3018 Sternbilder

67 3020 83 3043 ²
150 3028 661 3097 0000000101.80410001110000-
712 3032 847 3084 desselben
867 3033 936 3083 Sunt
953 3035 1036 3097 aries,
1054 3037 1166 3100 taum,
1181 3050 1223 3100 ge·

151 3101 328 3162 talesaet'unt;
338 3100 469 3148 homiuem
478 3101 583 3165 quidem
592 3101 662 3150 seire
712 3103 787 3165 mini,
806 3116 910 3166 cancer,
924 3101 972 3165 leo,
987 3102 1075 3167 virgo,
1090 3101 1223 3170 Libraque

150 3169 560 3230 arbitrorueminem343,102
581 3168 662 3218 Tlteo·
711 3171 848 3234 scorpius,
865 3173 1029 3234 arcitenens,
1052 3185 1147 3237 caper,
1172 3187 1223 3222 am·

149 3236 212 3286 dori
229 3236 334 3300 quidem
353 3238 409 3299 001,
427 3235 478 3286 und
498 3236 572 3289 diter.
688 3260 691 3264 ·
710 3239 805 3304 phora,
820 3239 914 3302 pisces.

185 3306 208 3356 8.
240 3303 274 3357 ut
296 3319 355 3354 cum
375 3304 502 3357 videmus.
537 3303 598 3356 Dem
622 3309 661 3370 ut,
748 3309 788 3358 15.
806 3305 1032 3370 quiaqueetellor,
1050 3319 1070 3357 S.
1083 3321 1116 3358 zu
1129 3309 1172 3372 25,
1185 3308 1222 3360 63.

149 3371 241 3425 dessen
263 3371 474 3424 anakoluthisehe
492 3373 660 3438 Fortsetznng
748 3375 787 3426 18.
806 3374 893 3435 ficum
910 3377 940 3424 iu
952 3375 1038 3424 medio
1050 3375 1148 3425 muudi
1159 3376 1222 3427 loeo.

151 3442 212 3504 §70
224 3456 398 3508 posuimuene
410 3442 532 3492 dubitare
544 3446 592 3492 cet.
610 3441 661 3503 (liic
713 3440 769 3506 Vgl.
791 3445 829 3506 11,
848 3445 889 3493 40.
927 3441 990 3494 nats
1012 3441 1054 3492 die
1071 3441 1140 3494 Erde
1157 3443 1171 3494 i
1175 3447 1223 3496 est

151 3509 274 3561 dubitare
297 3525 352 3560 nou
372 3525 513 3576 possumus
535 3511 594 3573 cet.)
617 3510 659 3572 ist,
712 3508 1223 3574 01000,0000100010001100000001001

151 3579 291 3643 entspricht
309 3579 375 3630 daun
394 3579 432 3629 als
451 3577 591 3628 Nachsatz:
615 3577 660 3628 Sic
711 3578 756 3629 des
768 3578 918 3643 Altertums,
936 3577 1040 3630 ohwohl
1056 3577 1139 3631 sehon
1151 3579 1222 3632 llice·

151 3652 264 3696 mentem
283 3649 398 3697 hominis
414 3651 463 3699 cet.
711 3650 751 3698 tas
768 3661 819 3697 von
833 3644 948 3713 Syrakus
966 3649 1034 3709 (vor
1051 3644 1222 3715 Theophrast)

185 3717 225 3766 11.
246 3715 660 3781 autunperattonemeomorum
711 3713 752 3764 die
763 3713 883 3780 brehung
901 3714 946 3766 der
957 3712 1022 3765 Erde
1039 3729 1083 3765 um
1101 3715 1159 3769 ihre
1171 3717 1223 3768 Axe

145 3772 202 3832 ‘zur
214 3781 377 3834 zweclrmilsi
397 3797 428 3834 en
441 3782 604 3849 Ausbildung
615 3781 660 3834 der
710 3781 1099 3848 301010100110100101100011.
1107 3785 1150 3850 39,
1159 3787 1223 3850 123)-

148 3840 266 3918 lldrper'.
294 3848 352 3915 Vgl.
369 3799 411 3903 ἦ.
427 3853 467 3914 13,
479 3853 524 3902 3οε
539 3853 661 3916 eorporis
746 3853 786 3904 19.
814 3853 869 3902 orus
887 3850 952 3902 nach
970 3850 1097 3916 Analogie
1115 3867 1170 3906 von
1187 3855 1238 3907 14·
