2550 4410
465 162 782 269 mmmmmm

182 373 276 444 Quam
291 376 365 436 haec
379 374 502 455 pulchra
517 383 611 454 putet,
626 375 691 455 ipse
706 375 762 436 iam
779 373 871 435 dicet:

422 459 583 522 Fdrtanom
596 464 689 541 ipsane
703 460 815 522 anteibo
831 461 960 538 fortunis
973 462 1051 520 eneis

179 544 259 606 Haec
280 545 388 606 laetitia
406 563 494 624 quam
509 545 606 625 turpis
621 546 673 619 sit,
693 546 764 607 satis
778 556 823 607 cst
838 544 994 624 diligenter
1007 545 1163 610 attenden-

89 642 152 693 tem
173 631 294 710 penitus
314 630 423 691 ridere.
465 631 504 691 Et
518 641 552 692 ut
570 639 674 710 turpes
688 641 774 704 sunt,
797 631 848 709 qui
864 632 993 692 ell'erunt
1007 650 1040 692 se
1053 631 1163 692 laetitia

45 725 63 776 5
86 728 170 790 tum,
193 735 261 777 cum
276 717 419 778 fruuntur
433 715 568 778 Veneriis
582 716 799 796 voluptatibus,
815 716 857 778 sic
872 715 1023 796 flagitiosi,
1048 717 1098 796 qui
1114 735 1163 778 eas

87 803 272 863 inflammato
294 802 393 863 animo
415 802 643 880 concupiscunt.
688 801 781 863 Totus
801 819 871 862 vero
898 801 969 876 iste,
998 802 1049 881 qui
1077 802 1162 881 volgo

88 887 257 967 appellatur
277 906 415 949 amor-
433 906 490 947 nec
511 887 632 948 hercule
650 887 769 948 invenio
786 905 845 964 quo
862 886 983 947 nomine
998 887 1054 948 alio
1070 887 1163 968 possit

87 972 232 1052 appellari
251 1007 308 1049 -,
330 981 428 1033 tantae
450 972 574 1034 levitatis
594 980 655 1047 est,
677 983 710 1033 ut
725 972 799 1033 nihil
813 972 938 1048 rideam,
960 973 1040 1050 quod
1060 983 1161 1052 liutem

88 1057 322 1133 conserendum3
344 1076 432 1137 quem
449 1058 591 1119 Caecilius

40 1153 61 1203 a
492 1145 575 1204 deam
591 1145 642 1224 qni
654 1161 714 1203 non
728 1146 873 1204 summurn
885 1152 974 1223 pretet,

136 1229 194 1289 Ant
208 1227 329 1289 stilicen
344 1237 395 1288 ant
410 1246 511 1289 rerum
525 1247 582 1288 esse
596 1231 752 1308 tripertitam
767 1227 937 1290 existumat:

139 1313 229 1374 Caius
244 1319 274 1373 in
289 1332 380 1373 mareu
395 1317 441 1384 sit,
457 1333 538 1392 quern
554 1314 611 1374 e'sse
626 1313 779 1374 dementin
795 1312 872 1388 vetit,

135 1397 226 1470 Quem
240 1401 347 1477 sapae,
364 1402 568 1477 guenemari,
584 1417 665 1479 anem
680 1402 712 1460 in
726 1398 858 1459 morium
873 1402 952 1474 inice,

1175 513 1191 568 3

1185 597 1191 644 t

40 1577 70 1628 15
140 1568 232 1640 Quem
248 1571 349 1630 cintra
363 1572 468 1640 arndn',
484 1589 565 1650 quem
580 1571 683 1650 tapeti,
699 1588 780 1650 auem
797 1569 942 1630 arcissier.

86 1654 115 1715 ’0
137 1653 319 1732 praeclaram
335 1653 564 1715 emendatricem
578 1656 653 1716 vitae
667 1654 829 1734 poeticaml
854 1672 929 1733 quae
944 1670 1089 1727 amorem,
1111 1654 1162 1713 tla-
1185 1670 1191 1715 i

90 1739 153 1817 giiii
180 1750 210 1800 et
235 1738 360 1800 levitatis
385 1749 553 1816 auctorem,
584 1740 614 1801 in
642 1739 769 1801 concilio
796 1740 919 1800 deorum
947 1737 1162 1799 conlocandum

89 1834 183 1904 putet.
218 1824 260 1884 lle
282 1825 433 1885 comoedia
454 1825 577 1905 loquor,
599 1844 690 1904 quac,
712 1824 832 1886 si'haec
854 1824 962 1903 flagitia
978 1842 1038 1884 non
1054 1822 1163 1903 proba·

88 1928 205 1983 remus,
227 1909 306 1969 nulla
329 1919 405 1971 esset
427 1911 560 1971 omnino.
595 1911 672 1982 Quid
688 1911 727 1972 ait
742 1929 777 1971 ex
793 1909 943 1988 tragoedia
959 1909 1099 1990 princeps
1114 1907 1163 1968 ille

40 1999 66 2052 ii
87 1992 351 2075 Argonautarum?

122 2182 146 2232 2.
164 2179 315 2231 Fortunam
333 2185 391 2246 cet„
408 2180 538 2233 militiai
551 2187 601 2233 cet.
685 2173 702 2247 ἢ
725 2171 817 2232 anaide
834 2179 921 2243 ἐστιν,
944 2171 1072 2244 dantuiri
1089 2172 1163 2230 ἄπει-

85 2249 140 2299 ein
159 2247 225 2300 Vers
248 2251 314 2313 (was
338 2249 403 2300 auch
427 2250 454 2301 in
477 2253 533 2300 iarn
550 2248 602 2300 ‘so-
857 2263 902 2317 ρος
919 2242 960 2299 ὢν

84 2309 186 2381 gleich’
208 2316 362 2383 angedeuiei
383 2317 435 2383 ist).
470 2316 517 2368 Mil
543 2317 601 2369 dem
686 2312 734 2368 οὐκ
758 2312 815 2368 atde
831 2313 884 2368 τὸν
906 2319 1034 2384 μέγιστον
1050 2308 1163 2382 ἀνθρώ·

85 2383 229 2449 Wortspiel
252 2385 405 2436 Fortunam
428 2414 462 2423 -
480 2384 602 2446 fortunis
858 2399 919 2437 noes
936 2379 1014 2436 deda.

83 2451 471 2573 {diriditiliai
484 2454 602 2587 iiiii·
652 2450 1048 2589 llll'ililtitliiiil
1063 2450 1162 2570 iiii

121 2591 147 2641 3.
171 2593 240 2639 eate's
262 2595 299 2640 esi
316 2618 351 2627 —
367 2590 471 2655 videre,
490 2589 600 2641 Verlm'rr-
652 2589 779 2641 Caecilius
796 2587 949 2639 uberserzie.

84 2672 156 2722 zung
167 2658 219 2708 teir:
238 2662 270 2709 ut
283 2660 390 2723 penitus
401 2659 548 2724 videamur,
558 2675 601 2709 ea·
688 2659 727 2711 12.
747 2655 875 2707 Crataein
892 2671 976 2706 rnann
993 2658 1037 2719 ait,
1055 2655 1164 2720 erginze

85 2729 122 2777 tir
141 2732 180 2776 eet
197 2726 344 2790 diligenter
360 2726 506 2778 attendere.
652 2741 711 2777 enm
732 2726 876 2776 dornoniam
898 2722 1003 2786 facere,
1026 2725 1104 2774 cuins
1127 2721 1162 2774 ist

86 2798 147 2914 sicli
162 2787 440 2914 dltcmllabgclllltdtso
454 2791 601 2876 'bedeCken
653 2791 961 2926 einlstlbizrtelnlettitttra
987 2866 1028 2914 cet
1079 2859 1164 2913 Ilaror

87 2934 152 3051 all
170 2929 513 3051 lattiniani?
531 2929 601 3050 lli
652 2930 824 3051 {tritri
838 2927 931 3051 llil
945 2930 1163 3061 ”lllllldull

85 3065 139 3119 und
163 3068 233 3135 ἔρως
256 3082 308 3118 ron
332 3067 484 3131 sinuliclrer,
511 3017 601 3135 φιλροῖν
652 3038 720 3119 adio,
736 3064 797 3123 isse.
824 3083 901 3132 quern
919 3015 1060 3133 alnidum,
1087 3082 1164 3132 qaam

85 3133 140 3186 und
158 3132 236 3204 φιλία
253 3151 305 3187 von
323 3135 445 3200 geistiger
462 3135 547 3190 Liebe.
651 3133 763 3186 welanti
777 3133 862 3195 forae.
879 3164 913 3173 -
930 3139 1068 3199 arcessier,
1091 3150 1127 3186 sc.
1146 3151 1163 3184 a

122 3208 148 3258 9.
173 3203 315 3268 Caecilius,
339 3219 359 3254 s.
378 3218 410 3254 zu
436 3203 601 3270 111.23‚56;
647 3203 749 3270 puella.

87 3287 166 3338 quem
181 3271 218 3323 -ist
235 3271 282 3323 mit
300 3272 357 3323 dem
375 3271 514 3336 folgenden
526 3273 601 3325 Rela·
690 3275 730 3325 16,
747 3272 768 3322 0
776 3273 947 3337 praeclaram
959 3272 1162 3322 nnendaaieem

87 3341 215 3402 tirsatze,
244 3341 375 3392 Caeciliae
392 3340 439 3391 mit
455 3345 601 3392 existerunt
652 3346 710 3403 cei,
729 3340 779 3391 wie
796 3339 814 3392 Ι.
833 3342 875 3404 21,
893 3342 926 3392 49
944 3355 970 3391 u.
988 3339 1063 3391 diter.
1098 3337 1161 3389 Zurn

86 3423 119 3459 zu
137 3407 287 3462 verbinden.
310 3408 338 3460 ln
356 3408 490 3460 Caecilius’
503 3408 601 3461 Sinclre
652 3407 735 3460 lnhalt
752 3407 805 3472 vgl.
823 3406 852 3460 11.
871 3411 911 3472 11,
928 3409 959 3460 ir
978 3423 1003 3460 u.
1021 3406 1058 3459 lll.
1077 3409 1101 3469 2,
1120 3409 1144 3458 3.

86 3476 155 3528 hiels
174 3491 203 3527 es
220 3476 417 3528 unaweitelhalt
435 3479 576 3531 existumo.
688 3479 728 3528 18.
746 3476 787 3526 De
804 3476 940 3527 comoedia
958 3475 1062 3540 loquor.
1093 3474 1167 3539 Quid

122 3547 164 3598 10.
176 3544 256 3595 mam
265 3547 312 3610 qni
321 3551 369 3597 cei
387 3545 414 3596 ln
423 3545 509 3611 Eurip.
519 3542 601 3617 Αὑγὴ
653 3547 737 3595 aiteio
746 3545 888 3610 tragoedia
900 3547 953 3594 -i
970 3543 1028 3609 l'gl.
1037 3544 1055 3596 l.
1067 3547 1106 3607 15,
1116 3545 1163 3595 34:

85 3612 155 3665 hiefs
173 3628 202 3664 es
219 3613 320 3697 (fragm.
339 3616 386 3666 271
400 3611 512 3679 Nauck):
653 3613 762 3676 Loquor
780 3613 812 3663 de
828 3614 996 3678 principibus
1012 3619 1061 3664 cet.

117 3678 229 3750 Ἔρωτα
247 3676 264 3732 d
296 3675 371 3734 ὅστις
385 3679 423 3748 μὴ
435 3678 505 3734 θεὸν
515 3686 603 3752 κρίνει
689 3683 729 3732 19.
741 3681 818 3731 natta
831 3684 898 3731 earet
908 3684 1025 3731 omnino.
1043 3679 1103 3732 Dies
1116 3680 1167 3745 gili.

293 3751 380 3819 μέγαν
644 3764 701 3800 nur
715 3763 766 3799 ron
784 3747 829 3800 der
846 3763 957 3800 neueren
976 3748 1070 3814 griech.
1082 3748 1163 3813 (nicht

120 3818 169 3869 uui
202 3815 262 3869 τῶν
296 3811 430 3870 ἁπάντων
460 3813 603 3885 δαιμόνων
653 3832 704 3868 ron
723 3815 1030 3885 derAristophanisclren)
1048 3817 1163 3869 undvon

293 3879 456 3954 ὑπέρτατον,
654 3884 699 3938 der
719 3884 865 3938 rimischen
885 3883 1025 3951 Komidie,
1046 3884 1088 3938 die
1106 3900 1166 3938 aus·
