2550 4410
473 168 567 223 crena
583 169 625 224 m.
645 173 702 237 1,a.
721 173 780 238 aa.
1123 171 1162 229 aa

89 342 233 422 sapientia
256 352 286 403 et
302 341 454 403 nobilitate
470 343 666 424 PythagoraS,
688 343 739 421 qui
761 343 816 405 luit
838 344 867 404 in
885 344 965 405 ltalia
982 344 1168 425 temporibus

89 428 192 500 isdem,
210 428 318 506 quihus
333 428 367 488 1,.
383 429 492 490 Brutus
508 429 631 508 patriam
647 427 789 500 liberavit,
809 429 978 508 praeclarus
992 439 1097 490 auctor
1113 450 1168 491 no-

90 513 212 574 bilitatis
237 523 314 573 tuae.
352 513 533 593 Pythagorae
559 524 656 574 autem
682 514 816 575 doctrina
842 533 909 576 cum
936 514 1024 593 longe
1050 515 1167 595 lateque

87 599 210 672 flueret,
232 598 449 677 permanavisse
463 599 535 659 mihi
549 599 666 659 videtur
680 599 710 658 in
726 599 803 660 hanc
819 599 979 671 civitatem,
995 600 1083 678 idque
1099 619 1166 660 oum

50 696 68 746 o
89 684 261 744 coniectura
276 682 431 763 probabile
446 694 505 759 est,
527 697 589 744 tum
606 684 781 762 quibusdam
798 685 884 745 etiam
903 685 1033 764 vestigiis
1054 685 1167 746 indica·

89 778 148 830 tur.
179 769 252 840 Quis
268 769 346 829 enim
364 777 417 843 est,
437 769 491 848 qui
503 778 597 848 putet,
613 787 680 830 cum
696 769 817 830 floreret
831 771 862 830 in
878 769 960 831 ltalia
976 770 1097 831 Graecia
1111 789 1166 851 po-

88 853 273 915 tentissumis
288 863 317 914 et
333 853 465 914 maximis
479 853 619 928 urbibus,
643 872 766 933 eaquae
782 873 888 934 magna
903 854 980 916 dicta
996 865 1054 927 est,
1069 855 1099 915 in
1116 855 1166 917 iis-

89 958 148 1017 que
171 939 298 1017 primum
321 939 413 1019 ipsius
436 939 631 1019 Pythagorae,
658 939 764 1001 deinde
790 948 893 1020 postea
914 940 1166 1020 Pythagoreorum

90 1033 207 1085 tantum
230 1043 341 1084 nomen
364 1033 455 1096 esset,
481 1033 653 1086 nostrorum
674 1025 829 1086 hominum
850 1026 885 1086 ad
908 1043 1011 1086 eorum
1033 1025 1167 1087 doctissi-

40 1116 67 1168 to
88 1129 152 1171 mas
173 1128 260 1170 voces
282 1109 361 1170 auris
386 1110 499 1171 clausas
524 1107 635 1171 luisse‘l
673 1109 753 1181 Quin
780 1110 867 1171 etiam
889 1110 1019 1172 arbitror
1045 1119 1204 1190 proptera

90 1195 340 1275 Pythagoreorum
363 1194 586 1255 admirationem
608 1195 734 1256 Numam
754 1213 873 1275 quoque
899 1214 999 1274 regem
1021 1196 1167 1276 Pythago-

89 1297 176 1340 reum
198 1297 214 1339 a
231 1279 446 1359 posterioribus
468 1280 672 1342 existimatum.
703 1281 777 1340 Nam
792 1299 859 1341 cum
877 1281 1058 1361 Pythagorae
1078 1281 1166 1343 disci-

89 1365 202 1444 plinam
218 1373 248 1425 et
271 1364 403 1425 instituta
419 1374 637 1444 cognoscerent
651 1365 789 1444 regisque
805 1366 868 1427 eius
883 1367 1060 1444 aequitatem
1076 1375 1105 1427 et
1119 1384 1169 1427 sa-

89 1449 232 1532 pientiam
249 1467 266 1509 a
281 1450 441 1511 maioribus
456 1450 517 1511 suis
532 1451 731 1530 accepissent,
753 1459 861 1512 aetates
876 1460 973 1512 autem
989 1461 1019 1512 et
1033 1461 1167 1531 tempora

40 1540 67 1595 lt
88 1535 265 1613 ignorarent
278 1544 402 1614 propter
413 1544 596 1610 vetustatem,
612 1555 689 1610 eum,
706 1535 757 1614 qui
773 1536 916 1615 sapientia
929 1537 1094 1608 excelleret,
1110 1536 1167 1615 Py-

89 1622 231 1699 thagorae
247 1619 411 1681 auditorem
427 1620 618 1682 crediderunt
632 1620 734 1682 fuisse.

175 1705 213 1765 Et
227 1705 264 1765 de
286 1705 458 1767 coniectura
481 1706 599 1785 quidem
621 1707 774 1767 hactenus.
804 1703 930 1782 Vestigia
945 1713 1042 1765 autem
1058 1704 1201 1784 Pytha-2

89 1807 249 1867 goreorum
271 1808 447 1869 quamquam
469 1791 561 1853 multa
582 1790 680 1870 colligi
701 1797 842 1870 possunt,
865 1790 966 1868 paucis
985 1798 1083 1849 tamen
1100 1797 1166 1849 ute-

89 1893 173 1949 mur,
195 1875 336 1954 quoniam
351 1895 412 1937 non
428 1877 456 1936 id
473 1876 570 1955 agitur
591 1877 647 1937 hoc
670 1884 813 1954 tempore.
843 1875 916 1935 Nam
937 1893 1005 1936 cum
1026 1874 1166 1935 carmini-

40 1968 66 2021 lu
88 1959 146 2021 bus
158 1960 236 2021 soliti
247 1960 288 2020 illi
300 1979 364 2023 esse
376 1961 513 2023 dicantur
524 1972 553 2022 et
568 1971 728 2042 praecepta
741 1961 882 2040 quaedam
895 1959 1039 2021 occultius
1049 1960 1167 2020 tradere

119 2147 141 2196 1.
152 2147 199 2208 qai
207 2142 263 2205 fait
273 2147 321 2195 cet
334 2143 517 2210 lignitate.
536 2132 603 2197 liber
689 2147 729 2198 13.
742 2149 902 2211 aequitatem
913 2167 948 2188 =
959 2146 1105 2211 iustitiam
1123 2160 1166 2194 ac·

87 2211 136 2264 des
146 2211 223 2279 Pyth.
232 2211 353 2264 Zeitalter
364 2213 416 2264 ond
425 2213 603 2265 Lehensdauer
655 2217 785 2278 captarent
809 2213 854 2264 der
882 2212 1079 2279 gebrauchhahe
1102 2213 1167 2264 hus·

87 2280 205 2332 weiobeu
221 2279 398 2346 dieAngaben
411 2282 532 2333 sehrvon
550 2282 603 2334 ein·
653 2279 734 2332 druch
768 2280 809 2332 liu
849 2280 894 2332 das
929 2280 1052 2332 Erlahren
1087 2280 1167 2331 durch

86 2347 167 2401 ander
181 2348 221 2413 ab,
233 2363 274 2400 am
288 2348 603 2412 wahrsobeinlichstenJ'e·
653 2348 808 2413 (mundliche
828 2348 894 2419 oder
917 2347 1083 2412 schriltliche)
1104 2347 1167 2399 'lra-

85 2415 604 2483 dochistdiehnnahme,daiserungelahr
654 2416 744 2480 dition,
757 2415 854 2480 J'edooh
871 2417 897 2467 in
915 2415 1000 2467 dieser
1014 2415 1167 2481 Bedeutnng

84 2499 139 2537 von
152 2486 201 2537 580
220 2484 259 2536 bis
272 2487 322 2537 510
334 2499 359 2536 v.
372 2485 430 2537 Chr.
447 2485 534 2550 geleht
550 2485 603 2538 bat.
654 2485 713 2537 sehr
739 2484 836 2547 selten‚
857 2483 908 2535 wie
930 2483 996 2547 hier,
1019 2483 1066 2534 mit
1083 2483 1166 2534 einem

121 2554 146 2604 2.
159 2553 344 2604 auotornobr'l.
357 2548 602 2605 tuae‘derStamm-
653 2551 885 2604 substantivisohen
904 2549 999 2614 Obielct
1009 2549 1166 2602 verbunden.

84 2628 160 2672 vater
182 2620 270 2672 deines
288 2619 362 2672 edeln
386 2613 590 2675 Geschleahtes’.
688 2622 729 2673 14.
748 2623 847 2671 comtes
862 2624 888 2669 et
905 2624 1038 2684 tempora:
1056 2618 1167 2670 hebens-

83 2688 189 2741 Ebenso
201 2687 271 2741 Brut.
286 2691 332 2751 14,
342 2690 388 2741 53:
410 2689 440 2742 L.
452 2690 538 2741 Bruto
550 2689 602 2755 illi,
653 2688 705 2740 und
722 2687 851 2742 Zeitalter.

83 2758 236 2808 nobilitatae
256 2762 361 2808 amhae
375 2760 504 2824 pmaaipi.
539 2757 601 2810 Was
689 2760 728 2810 11.
752 2757 788 2807 m
806 2756 838 2806 da
855 2784 889 2794 -
906 2755 1012 2821 quidem
1030 2756 1165 2809 haetenus.

84 2823 129 2877 die
146 2823 229 2877 Sache
247 2823 351 2887 hetriflt,
368 2841 398 2877 so
415 2826 450 2878 ist
467 2826 538 2878 diese
549 2827 601 2877 An·
652 2823 849 2877 Gewdhnlicher
860 2825 895 2875 ist
906 2825 932 2875 in
945 2822 1028 2876 dieser
1040 2822 1167 2876 Pormder

83 2892 601 2958 nahmewohlehensounhietorisoh,wie
652 2891 781 2944 Transitio
793 2896 884 2959 atqae3
907 2892 960 2957 vgl.
973 2898 1051 2944 unten
1070 2894 1111 2955 31,
1124 2893 1165 2944 65.

83 2960 103 3013 l.
116 2962 157 3023 16,
170 2962 215 3013 38:
232 2976 290 3012 meo
307 2966 439 3026 regnante
453 2961 560 3027 gentili.
683 2960 804 3025 Veettgta
815 2965 904 3010 cauam
921 2966 970 3013 cet.
989 2959 1048 3011 Data
1060 2959 1101 3010 die
1113 2975 1165 3010 von

120 3032 146 3081 4.
167 3030 270 3091 fluerat.
313 3028 434 3096 lliuflger
458 3030 492 3082 ist
517 3029 600 3092 suade·
650 3028 738 3081 Cicero
767 3028 966 3094 beigehrachten
996 3027 1166 3079 historischen

83 3097 140 3148 und
151 3112 263 3148 manare
274 3096 318 3149 der
331 3098 451 3150 bildlicbe
463 3098 598 3152 Ausdruolr
652 3097 751 3164 Spuren
777 3098 803 3148 in
830 3096 876 3148 der
902 3095 984 3147 Sache
1010 3095 1094 3146 nichts
1120 3094 1166 3146 be-

84 3165 129 3216 lhr
142 3157 208 3216 ‘sich
227 3161 388 3217 aushreiten’.
652 3165 758 3229 moisen,
775 3165 810 3216 ist
827 3163 906 3216 leicht
923 3162 1085 3214 einzusehen.

121 3236 147 3286 9.
164 3233 201 3284 ad
217 3233 259 3285 bei
277 3233 391 3298 charace,
410 3232 462 3299 rgl.
481 3249 513 3285 zu
530 3233 558 3288 11.
576 3235 601 3299 6,
690 3235 730 3287 19.
753 3248 808 3283 aaa
831 3233 861 3282 id
877 3234 973 3296 agitur
985 3223 1027 3282 ‘es
1044 3230 1079 3280 ist
1095 3228 1166 3280 nicht

86 3304 135 3355 15:
154 3301 248 3352 docilia
266 3301 303 3352 ad
318 3331 360 3352 -.
653 3300 744 3353 darauf
760 3292 922 3365 ahgesehen',
939 3298 992 3363 vgl.
1010 3296 1028 3351 l.
1046 3299 1087 3360 20,
1105 3297 1147 3348 46.

123 3372 163 3422 11.
192 3368 309 3420 Numam
342 3397 377 3406 —
392 3370 601 3435 Pythagoreum.
687 3372 728 3422 20.
748 3367 889 3418 occultius:
909 3366 955 3417 aul
974 3367 1033 3417 eine
1050 3380 1097 3415 nur
1114 3364 1164 3415 den

82 3437 161 3489 Auch
177 3437 231 3489 Liv.
248 3439 266 3489 l.
286 3439 317 3490 18
330 3436 444 3489 verwirlt
462 3439 508 3487 mit
520 3436 601 3488 Recbt
652 3434 1010 3501 vollstandigllingeweihten
1024 3432 1164 3494 (cotetae)-

83 3504 157 3557 diese
174 3509 236 3567 (von
254 3504 327 3557 Ovid.
345 3504 405 3556 hlet.
424 3503 478 3557 llll.
496 3506 530 3556 in.
548 3503 601 3556 und
651 3501 969 3572 aaaauoiclveretindhche
981 3500 1076 3552 Weise.
1094 3499 1168 3565 Diog.
1251 3564 1256 3571 ¹

83 3572 156 3626 Fast
179 3573 217 3625 lll.
242 3574 290 3627 153
313 3588 352 3640 sq.
376 3571 426 3624 und
450 3572 531 3624 selhst
548 3587 600 3624 von
651 3573 677 3624 L
693 3570 751 3623 Vlll.
771 3573 815 3623 15:
832 3566 927 3638 t'laydv
944 3587 975 3621 ae
991 3570 1038 3619 καὶ
1053 3563 1167 3619 clamos

82 3639 185 3692 Plinius
208 3641 238 3692 Η.
263 3641 294 3693 N.
312 3641 373 3693 Xlll.
398 3643 429 3693 13
451 3641 602 3707 aulgenom-
652 3636 837 3707 Πυθαγόρειοι
865 3634 912 3703 μὴ
937 3635 1046 3689 εἶναι
1073 3631 1168 3715 pods

83 3708 601 3776 mene)SagealsAnachronismus,setat
652 3704 789 3762 aderas
806 3701 919 3758 πάντα
937 3701 1038 3774 ῥητά,
1063 3719 1100 3756 aar
1156 3731 1167 3742 -

83 3778 148 3828 aber
169 3777 218 3829 den
237 3775 398 3845 Pythagoras
422 3778 501 3829 sohon
514 3778 540 3828 in
558 3775 599 3827 die
652 3792 698 3827 σιν
708 3769 890 3846 Ἀριστόξενος
902 3774 933 3824 ἐν
945 3768 1046 3843 δεκάτῃ
1057 3790 1097 3826 πα
1127 3791 1168 3824 aa·

83 3845 141 3897 Zeia
159 3845 205 3897 des
223 3845 328 3898 Servius
346 3843 454 3897 Tullius.
652 3843 739 3896 τικῶν
755 3838 858 3908 νόμων.
