2550 4410
159 148 219 206 108
558 147 653 201 LlllllR
669 148 697 201 ll.
716 152 740 213 2,
758 151 782 202 4.
800 153 824 202 5.

123 325 141 380 2
160 339 285 400 qnorum
297 321 543 400 philosophorum
557 320 730 399 disciplinis.
753 319 813 381 Nos
827 327 925 381 autem
936 318 1099 381 universae
1111 321 1232 401 philoso-

156 407 243 484 phiae
257 405 507 485 vituperatoribus
529 406 737 485 respondimus
753 404 783 465 in
806 403 984 478 llorteneio,
1007 423 1067 483 pro
1081 405 1231 468 Academia

155 503 254 553 autem
270 511 344 569 quae
360 491 483 552 dicenda
499 499 606 565 essent,
624 490 694 552 satis
706 497 844 550 accurate
855 489 887 550 in
899 489 1091 575 Academicis
1101 499 1232 570 quattuor

156 577 238 638 libris
259 577 402 655 exphcata
423 576 601 637 arbitramur
608 595 617 652 ;
644 574 695 637 sed
717 582 815 635 tamen
838 582 954 635 tantum
968 573 1073 650 abest,
1101 583 1139 637 nt
1153 573 1231 638 scribi

157 670 261 723 contra
276 681 331 723 nos
347 661 491 736 nolimus,
513 671 546 722 ut
560 660 589 722 id
605 660 692 722 etiam
707 660 832 721 maxime
848 666 995 738 optemus.
1025 659 1062 721 ln
1080 660 1150 740 ipsa
1163 661 1252 723 eninr

157 746 278 808 Graecia
293 746 479 826 philosophia
493 754 576 807 tanto
592 746 623 806 in
639 746 754 806 honore
770 762 931 823 numquam
951 744 1077 819 suisset,
1094 746 1159 808 uisi
1172 746 1230 807 doo-

157 832 336 894 tissimorum
352 830 595 892 contentionibus
610 829 904 907 dissensionibusque
919 828 1073 908 viguisset.

119 927 133 975 5
241 916 335 988 Quam
352 914 390 975 oh
406 933 469 976 rem
486 916 589 976 hortor
611 915 723 986 omnis,
746 915 797 993 qni
812 916 909 975 lacere
922 913 952 974 id
967 922 1118 993 possunt,
1140 926 1174 977 ut
1185 915 1231 976 hn-

156 1002 201 1061 ius
222 1019 342 1078 quoque
363 1001 482 1078 generis
504 1000 620 1062 laudem
641 1001 699 1061 iam
724 999 878 1078 languenti
899 998 1042 1060 Graeciae
1065 999 1231 1080 eripiantct

156 1087 337 1146 transferant
358 1085 388 1145 in
404 1086 482 1146 hanc
506 1085 629 1160 urbem,
652 1086 729 1147 sicut
744 1085 873 1163 reliquas
887 1083 999 1159 omnis,
1023 1102 1105 1163 quae
1121 1076 1259 1165 quide

156 1178 242 1230 erant
267 1170 464 1249 expetendae,
495 1171 591 1233 studio
618 1179 706 1249 atque
731 1169 876 1231 industria
900 1187 953 1230 sua
982 1168 1117 1232 maiores
1148 1169 1230 1232 nostri

156 1254 383 1316 transtulerunt.
413 1256 507 1335 Atque
529 1264 681 1317 oratorum
703 1254 822 1334 quidem
843 1254 908 1314 laus
921 1253 962 1314 ita
976 1253 1066 1315 ducta
1080 1254 1121 1316 ab
1137 1253 1230 1317 humili

156 1340 236 1401 venit
260 1339 296 1399 ad
321 1358 486 1415 summum,
512 1349 545 1403 ut
567 1340 641 1417 im,
668 1340 748 1419 quod
765 1346 870 1400 natura
884 1339 943 1399 lert
963 1338 993 1399 in
1017 1339 1229 1402 omnibuslaro

157 1425 260 1498 rebus,
275 1436 410 1487 senescat
426 1425 569 1505 brevique
592 1434 726 1504 tempore
748 1424 783 1485 ad
801 1423 924 1485 nihilum
947 1433 1074 1485 ventura
1089 1424 1228 1498 ridentum

156 1510 342 1589 philosophia
364 1520 501 1573 nascatur
516 1511 628 1572 latinis
654 1510 773 1590 quidem
795 1508 901 1570 litteris
922 1527 958 1570 ex
977 1508 1024 1570 his
1049 1508 1260 1590 tempoributll

156 1613 279 1674 eamque
302 1614 357 1657 nos
378 1596 565 1672 adiuvemus,
588 1614 703 1674 nosque
718 1595 799 1674 ipsos
814 1593 953 1673 redargui
968 1593 1131 1673 refellique
1146 1594 1228 1675 patia-

155 1698 232 1741 mur.
276 1680 362 1751 Quod
381 1681 400 1742 ii
424 1682 525 1744 lerunt
547 1681 646 1742 animo
669 1680 787 1759 iniquo,
804 1678 855 1758 qui
875 1678 964 1740 certis
989 1678 1173 1757 quibusdam
1185 1678 1228 1740 dc·

155 1765 331 1845 stinatistpue
357 1767 515 1828 sententiis
542 1767 625 1846 quasi
651 1765 759 1826 addicti
791 1771 821 1825 et
853 1763 1018 1825 consecrati
1044 1774 1121 1826 sunt
1146 1780 1229 1843 eaque

156 1851 330 1913 necessitate
345 1851 509 1925 constricti,
525 1860 558 1912 ut
574 1851 671 1927 etiam,
687 1868 763 1930 quae
779 1867 841 1910 non
854 1848 981 1928 probare
993 1848 1122 1926 soleant,
1139 1867 1175 1911 ca
1187 1866 1229 1911 cc

190 1985 213 2035 2.
231 1985 261 2034 in
279 1984 432 2046 Hortensio,
454 1983 536 2036 einem
555 2000 603 2036 uns
620 1984 667 2036 lei·
715 1981 786 2035 Brut.
806 1986 847 2048 tr,
864 1985 906 2037 65.

156 2049 201 2100 der
220 2051 369 2102 verlorenen
386 2050 500 2118 Dialoge,
518 2051 599 2104 worin
615 2052 666 2105 Cic.
752 2053 792 2104 12.
806 2053 839 2102 ab
849 2050 953 2115 humili,
966 2048 1176 2115 substantiviert,
1186 2048 1229 2101 vrit

157 2116 206 2168 den
229 2117 381 2169 heruhmten
402 2116 502 2171 Redner
518 2117 668 2173 llortensins
719 2118 765 2170 das
784 2117 904 2185 iolgende
921 2118 959 2169 ad
972 2132 1126 2181 summum
1144 2116 1230 2185 egli,

159 2182 207 2236 den
220 2183 320 2236 Nutzen
330 2184 551 2253 philosophischer
561 2185 668 2241 Studien
721 2189 765 2239 13:
784 2187 875 2238 simili.

159 2251 296 2304 bestreiten
310 2252 377 2317 liele,
394 2254 448 2307 sich
461 2254 542 2308 selbst
555 2255 616 2308 aher
627 2256 669 2308 die
756 2251 1026 2320 14.ranascat:vpl.de
1032 2251 1229 2317 oritanus

158 2318 232 2372 holle
250 2319 296 2372 des
314 2319 487 2390 Verteidigers
504 2325 563 2390 gab.
721 2323 1039 2388 demeoruma'ampropa
1050 2324 1230 2373 eamcam

192 2391 216 2444 3.
235 2404 303 2455 quoa
319 2389 431 2443 dicendo
454 2397 547 2458 ament,
570 2406 590 2444 s.
608 2391 626 2444 l.
648 2395 670 2457 1,
757 2393 797 2443 lh.
824 2391 998 2456 philosophia
1028 2393 1165 2440 mecam
1187 2392 1229 2441 cet.

160 2461 172 2510 t
192 2473 224 2510 zu
238 2460 413 2525 pertinerent.
438 2460 541 2513 Ehenso
558 2459 670 2512 nachher
721 2457 814 2510 drr'rckt
825 2459 873 2510 mit
888 2457 1016 2525 Emphase
1035 2456 1078 2509 die
1095 2456 1180 2509 durch
1194 2454 1230 2509 eiu

158 2527 183 2592 3,
201 2529 230 2579 9:
250 2527 323 2593 qood
338 2528 419 2579 aliter
435 2545 490 2580 non
504 2533 594 2595 poseat
612 2531 660 2579 cet.
721 2541 800 2578 neues
817 2524 932 2579 lloment
944 2523 1103 2592 begrr'mdete
1122 2523 1231 2577 wieder·

191 2596 221 2645 in
255 2595 339 2647 Acod.
365 2624 397 2634 -
429 2597 511 2647 libris.
541 2595 597 2647 Von
624 2595 669 2647 der
720 2592 817 2660 holong
832 2592 877 2646 der
890 2592 1231 2659 verberansgesproehenen

158 2662 376 2728 ursprdnglichem
396 2665 518 2715 auszwei
536 2666 669 2728 grosseren
719 2661 909 2729 Anliorderong
935 2676 995 2726 ans,
1020 2660 1106 2712 wobei
1132 2677 1170 2712 σω
1194 2661 1229 2711 lo‘a

158 2727 274 2780 Bdchem
298 2729 473 2782 bestehenden
497 2730 670 2796 Bearbeituog
720 2732 882 2796 temporibus
890 2730 966 2782 einen
981 2728 1115 2793 welteren,
1131 2742 1179 2781 aus
1187 2727 1231 2780 den

157 2795 192 2847 ist
216 2810 264 2847 nur
287 2795 332 2848 das
356 2799 380 2848 2.
407 2796 492 2862 Bnch,
517 2814 568 2850 von
584 2798 669 2852 dent
720 2797 896 2850 betrr‘rhenden
918 2795 1165 2850 Zeitvcrhdltuissen
1181 2798 1231 2848 ent·

157 2861 287 2915 hleineren
300 2862 416 2916 Bdchem
430 2863 475 2917 der
491 2866 609 2933 spiteren
622 2866 670 2918 Re·
720 2865 823 2918 lehuten
836 2864 922 2918 Grund
932 2863 1081 2930 hinaulhgt3
1091 2863 1157 2916 aber
1165 2863 1231 2916 deut·

157 2930 292 2998 arbeitung
317 2931 378 2983 aber
404 2931 450 2984 das
480 2937 501 2985 1.
528 2948 586 2984 zum
612 2933 669 2986 ‘leil
720 2933 800 2985 licher
818 2934 887 2985 wire
905 2933 951 2985 der
967 2930 1090 2984 (ledanke
1107 2931 1137 2983 in
1154 2931 1231 2984 dieser

158 3014 206 3051 uns
224 2998 347 3065 erhalteo,
370 3014 399 3052 so
417 2999 473 3053 dass
491 3001 518 3053 io
535 3001 579 3053 der
595 3000 669 3054 blitte
720 3001 806 3053 Form:
834 3001 873 3053 It't
893 3003 1020 3067 quoniam
1042 3003 1187 3051 oratorum
1202 3025 1230 3037 —

158 3067 215 3120 eine
231 3065 318 3120 deke
335 3067 377 3120 ist.
720 3070 852 3135 videatur,
856 3069 1029 3135 philosophia
1038 3073 1180 3121 amcam.
1190 3065 1231 3119 bie

192 3137 215 3186 6.
233 3137 288 3185 nisi
309 3163 343 3174 -
366 3139 506 3201 viguisset,
524 3129 613 3188 ‘wenn
631 3136 669 3188 sie
720 3136 858 3204 folgenden
877 3135 966 3189 Worte
983 3151 1084 3201 nosque
1101 3162 1138 3175 -
1145 3137 1232 3203 patia-

157 3200 228 3255 nicht
236 3201 334 3270 iosolge
342 3202 387 3256 der
397 3204 513 3256 Polemik
526 3203 570 3256 der
583 3203 669 3256 Philo·
720 3221 781 3256 mur
793 3204 924 3258 enthnlten
936 3205 1012 3257 einen
1029 3203 1133 3270 logiech
1150 3208 1232 3257 unter-

157 3270 255 3338 sophen
273 3272 315 3324 ein
335 3287 364 3325 so
382 3287 456 3339 reges
471 3271 557 3325 tehen
575 3272 671 3340 gehubt
720 3273 876 3340 geordneten
903 3271 1041 3325 Gedenken
1067 3294 1102 3317 a·
1125 3284 1232 3339 sumptu

156 3331 244 3392 hitte'.
720 3358 768 3394 noa
793 3344 833 3392 ita
857 3341 1020 3406 adducemur,
1042 3343 1075 3390 ut
1096 3342 1178 3392 nora·

193 3410 216 3461 8.
234 3410 314 3460 huius
327 3411 444 3475 generis,
462 3407 540 3462 niml.
552 3409 670 3474 philoro-
720 3409 852 3474 redargui
859 3407 1001 3474 refellique
1009 3409 1162 3475 patrm.
1173 3353 1232 3461 m

152 3478 243 3542 plico.
720 3477 804 3528 lnhalt
818 3476 863 3530 der
878 3491 976 3559 ponzen
988 3474 1069 3529 Stelle
1084 3476 1139 3542 egl.
1149 3476 1231 3562 l‘dp

155 3542 670 3690 ...lothrttf‘tlttltht
721 3547 800 3665 uh
824 3545 925 3665 ‘titt‘
943 3548 1155 3680 dicibili?
1176 3557 1232 3666 ..ll

155 3677 364 3732 besrhrankende
393 3683 439 3746 qui
466 3680 572 3747 quidem
598 3679 670 3731 nicht
720 3680 841 3748 religiose
872 3679 1068 3747 Verpllichtung
1098 3680 1233 3744 gebennen

155 3746 245 3798 immer
271 3747 316 3800 der
333 3746 409 3812 Konj.
434 3747 514 3815 iolgt,
538 3748 668 3801 beweisen
721 3741 810 3803 an-'.
821 3747 879 3815 Vgl.
888 3746 948 3801 llor.
958 3762 999 3814 ep.
1008 3747 1027 3799 l.
1039 3751 1062 3814 1,
1072 3747 1233 3801 idanllr'm

156 3816 242 3866 ausser
248 3813 418 3867 dieserStelle
429 3816 496 3866 noch
501 3830 527 3881 p.
538 3815 591 3869 hlil.
606 3819 629 3882 t,
639 3817 668 3877 33
721 3817 947 3868 addicturiorore
963 3819 992 3868 in
1004 3818 1087 3867 narba
1101 3819 1233 3884 mugiret
