2542 4394
395 208 488 262 uren
506 209 533 262 11.
553 212 595 278 aa,
612 214 653 265 aa.
673 213 713 278 na,
731 215 772 264 aa.
792 214 832 265 aa.
1093 213 1153 272 139

78 381 152 459 giles
166 399 252 455 vero,
275 380 363 442 etiam
377 399 446 456 cunr
461 382 573 442 leniunt
593 381 810 457 adversarium,
832 384 863 443 in
885 383 1028 445 iactandis
1049 387 1154 448 caesti-

78 464 136 527 bus
151 466 372 544 ingemesount,
395 485 456 526 non
479 467 558 544 quod
579 467 698 527 doleant
713 468 847 528 animove
869 469 1080 543 succumbant,
1103 471 1153 532 sed

79 552 148 629 quia
168 551 376 630 profundenda
397 569 469 612 voce
492 570 579 612 omne
601 569 710 630 eorpus
730 552 896 613 intenditur
915 554 1054 632 venitque
1068 555 1154 632 plaga

77 635 290 696 vehementior.
327 634 428 705 Quid?
456 636 507 713 qui
528 635 631 697 volunt
658 637 822 698 exclamare
851 638 961 712 maius,
990 656 1062 699 num
1083 640 1153 701 satis
1167 636 1205 693 24

40 730 56 780 o
78 720 192 782 habent
205 720 306 794 latera,
322 721 431 796 lauces,
446 720 580 800 linguam
594 721 765 795 intendere,
782 741 797 783 e
813 722 922 801 quibus
937 722 992 784 eici
1006 742 1107 784 vocem
1124 733 1153 786 et

77 805 164 866 fundi
178 803 333 866 videmus?
353 813 415 866 toto
432 824 558 884 corpore
573 814 661 884 atque
678 806 816 868 omnibus
831 807 966 886 ungulis,
988 816 1021 868 ut
1036 809 1152 883 dieitur,

77 891 265 952 contentioni
281 890 362 951 vocis
374 891 551 952 adserviunt.
577 891 662 951 Genu
680 892 851 952 mehercule
866 893 1075 954 lldntonium
1086 894 1152 969 vidi,
1175 899 1204 950 5⁷

77 994 147 1037 cum
163 983 304 1036 contente
319 993 375 1054 pro
391 995 422 1036 se
439 976 503 1055 ipse
518 975 583 1055 lege
597 974 684 1035 Varia
697 975 817 1051 diceret,
833 985 943 1037 terram
954 984 1085 1055 tangere.
1117 979 1154 1039 Ut

78 1061 158 1121 enim
174 1059 295 1121 balistae
309 1060 438 1138 lapidum
455 1069 485 1121 et
499 1060 612 1139 reliqua
626 1069 776 1121 tormenta
797 1061 924 1123 telorum
948 1080 983 1122 eo
1005 1063 1154 1140 graviores

24 1153 55 1204 10
77 1145 251 1206 emissiones
265 1144 391 1218 liabent,
413 1164 472 1223 quo
489 1155 559 1206 sunt
580 1154 721 1207 contenta
741 1155 829 1225 atque
851 1147 976 1208 adducta
995 1148 1154 1209 vehemen-

77 1230 151 1304 tius,
173 1229 215 1290 sie
230 1248 305 1302 vox,
327 1229 370 1291 sic
385 1248 505 1305 cursus,
529 1231 571 1291 sio
592 1230 677 1310 plaga
691 1230 748 1290 hoc
763 1232 896 1310 gravior,
919 1251 977 1311 quo
1000 1240 1045 1293 est
1066 1233 1154 1294 missa

77 1314 256 1376 contentius.
288 1314 378 1376 Cuius
393 1315 595 1376 contentionis
614 1333 682 1375 cnm
702 1323 784 1376 tanta
799 1316 842 1377 vis
863 1316 910 1391 sit,
934 1317 959 1378 si
981 1316 1107 1394 gemitus
1122 1317 1152 1378 in

76 1399 179 1461 dolore
194 1399 231 1460 ad
247 1400 483 1460 confirmandum
498 1400 628 1461 animum
649 1400 770 1472 valebit,
799 1409 932 1477 utemur3
959 1401 1005 1462 sin
1029 1402 1084 1463 erit
1105 1400 1153 1463 ille

76 1485 204 1563 gemitus
219 1483 441 1558 elamemabilis,
457 1484 481 1545 si
496 1484 670 1559 imbecillus,
686 1485 710 1546 si
726 1483 873 1560 abiectus,
888 1486 912 1547 si
928 1485 1043 1561 flebilis,
1060 1487 1086 1547 ei
1102 1486 1153 1565 qui

24 1575 54 1627 lo
76 1588 108 1631 se
124 1569 252 1644 dederit,
268 1569 316 1628 vix
330 1587 398 1630 eum
414 1569 509 1630 virum
524 1570 656 1631 dixerim.
687 1570 745 1640 Qui
761 1570 880 1649 quidem
895 1571 1021 1650 gemitus
1036 1571 1060 1632 si
1075 1571 1153 1632 leva-

75 1654 166 1716 tionis
181 1653 291 1733 aliquid
307 1655 450 1728 adferret,
473 1662 571 1715 tamen
587 1655 754 1716 videremus
769 1655 838 1733 quid
852 1664 930 1716 esset
944 1656 1029 1717 sortis
1045 1665 1074 1717 et
1088 1656 1153 1716 ani·

75 1738 152 1800 mosi
166 1738 237 1812 viri3
260 1757 328 1799 cum
350 1757 418 1799 vero
435 1739 508 1799 nihil
528 1739 682 1800 imminuat
703 1740 828 1813 doloris,
852 1758 906 1800 cur
926 1741 1035 1801 frustra
1049 1749 1153 1819 turpes

75 1843 141 1885 esse
155 1821 313 1884 volumus?
341 1824 420 1894 Quid
435 1833 480 1886 est
491 1824 570 1885 enim
583 1825 653 1886 lietu
665 1822 802 1884 muliebri
813 1824 876 1885 viro
890 1823 1027 1903 turpius?
1056 1825 1152 1903 Atque

74 1909 133 1969 hoe
149 1918 356 1987 praeceptum,
379 1908 458 1986 qnod
475 1910 510 1970 de
532 1909 635 1970 dolore
657 1909 757 1984 datur,
780 1916 859 1989 patet
881 1908 975 1970 latius.
1007 1908 1153 1970 Omnibus
1175 1918 1204 1971 ti

19 1999 52 2058 ’2ο
73 1993 154 2054 enim
170 1992 269 2067 rebus,
286 2012 347 2053 non
364 1993 460 2055 solum
476 1994 580 2068 dolori,
595 1993 682 2055 simili
699 1994 891 2055 contentione
906 1994 996 2054 animi
1011 1993 1152 2055 resisten-

75 2078 146 2139 dum
159 2087 212 2140 est.
242 2077 289 2138 Ira
301 2078 472 2152 exardescit,
489 2078 579 2140 libido
592 2079 772 2155 concitatur3
788 2079 819 2139 in
834 2080 957 2140 eandem
969 2096 1066 2141 arcem
1079 2097 1153 2140 con-

111 2195 135 2246 3.
152 2197 284 2260 uenitque,
302 2209 322 2248 s.
341 2210 363 2246 z.
381 2193 420 2246 lll.
439 2197 463 2261 2,
482 2196 509 2246 3:
528 2210 589 2245 eon·
640 2199 782 2260 oleamque
799 2198 857 2245 eius
874 2212 891 2246 a
908 2199 1015 2261 pectora
1033 2195 1154 2259 abscidit,

74 2266 253 2329 sectaturque.
640 2262 1154 2329 utcicatricespopuluallomanuaiudi·

110 2333 136 2385 4.
157 2331 308 2382 emolamare
330 2331 419 2380 maius
442 2331 515 2394 (stati
532 2329 589 2391 for-
640 2346 733 2395 aesque
750 2333 902 2396 aspicerent
912 2332 1023 2382 aduerso
1042 2345 1154 2396 corpore

76 2400 140 2463 iius)
161 2397 260 2450 kommt
284 2412 354 2449 zvar
379 2402 452 2449 sonst
476 2398 519 2448 bei
537 2397 588 2450 Cic.
641 2402 774 2463 eucapiae,
791 2413 866 2450 wozu
879 2413 938 2449 man
950 2397 982 2449 de
994 2403 1058 2450 orat.
1070 2398 1098 2450 ll.
1112 2400 1153 2462 47,

75 2466 148 2518 nieht
171 2466 261 2517 weiter
281 2481 341 2531 vor,
365 2465 427 2517 lilst
450 2465 505 2516 sich
529 2466 590 2517 aber
643 2464 727 2519 tutti
745 2464 899 2532 vergleiche.

74 2533 115 2586 als
132 2533 291 2599 Abkdrzung
314 2533 359 2585 der
380 2531 472 2598 Figura
491 2536 589 2600 etymo·
676 2536 699 2586 8.
736 2533 794 2597 lege
813 2534 905 2594 Vario,
925 2531 991 2584 dh.
1011 2531 1077 2582 nach
1095 2530 1153 2583 dem

74 2603 171 2669 logica:
193 2604 322 2652 maiorem
339 2602 483 2652 clamorem
501 2602 590 2652 eoeela·
641 2598 781 2652 Varischen
796 2599 903 2651 Gesetze
918 2598 1063 2664 angeklagt.
1093 2597 1152 2651 Dies

75 2669 349 2734 marereehtlertigen.
368 2668 426 2734 Vgl.
439 2668 589 2735 dasgriech.
641 2667 733 2720 Gesetz
764 2667 806 2732 (de
831 2670 978 2727 maiestate)
1005 2666 1067 2732 ging
1093 2680 1153 2717 vom

74 2735 150 2809 μέγα
167 2739 256 2806 dodau
275 2734 358 2789 Pluut.
371 2735 425 2790 Mil.
439 2737 502 2801 glor.
514 2736 552 2788 lll.
566 2737 590 2801 2,
641 2733 972 2796 VolkstribuneuQ.Varius
979 2733 1091 2802 Hybrida
1099 2749 1153 2800 aus,

77 2809 122 2858 10:
141 2821 268 2870 maenum
287 2805 398 2864 elamat;
424 2803 499 2856 Most.
518 2803 546 2856 ll.
566 2807 589 2870 2,
642 2807 672 2857 91
686 2819 711 2855 v.
724 2803 790 2869 Chr,
803 2804 841 2855 als
854 2802 898 2854 der
910 2801 1153 2869 Bnndesgenossen-

76 2877 125 2926 57:
149 2873 283 2925 exclamat
303 2875 466 2933 maaianum3
492 2871 590 2924 Gellius
640 2871 714 2937 krieg
736 2870 872 2933 ausbrach,
894 2869 947 2922 und
969 2869 1075 2922 ordnete
1097 2870 1153 2923 eine

76 2940 107 2993 V.
126 2943 154 2994 9:
172 2956 300 3005 magnum
316 2941 471 2993 inclamare.
639 2938 836 3004 Untersuchung
848 2953 881 2989 an
898 2952 980 3004 gagen
993 2937 1042 2996 dle,
1055 2937 1154 2989 welche

110 3011 135 3062 6.
172 3010 292 3059 omnibus
308 3008 431 3073 cingulis,
449 3007 588 3073 eigentlich
639 3004 1155 3059 dieitaliscbenllollierdurchWortoder

60 3074 588 3128 'vomSichanstemmenderPlerdebeim
640 3073 708 3127 Thai
716 3072 1153 3139 numantstandeangeregthatten.

76 3143 184 3210 Steigen
202 3143 355 3210 gebraucht3
379 3143 488 3195 deutseh
506 3148 588 3195 etue:
674 3145 698 3196 9.
717 3142 838 3208 lapidum
855 3141 943 3206 hingt,
963 3140 1013 3192 wie
1031 3140 1154 3205 telorum,

72 3206 132 3263 ‘mit
157 3210 262 3263 Hinden
288 3211 342 3263 und
365 3201 478 3263 Fdlsen'.
519 3210 589 3263 Grie-
640 3225 692 3262 von
711 3212 864 3260 emissiones
881 3207 1043 3273 (Wurlkralt)
1061 3208 1101 3260 ab.

75 3279 166 3330 chisclr
183 3278 264 3333 abal:
282 3273 338 3344 πὺξ
347 3279 396 3334 καὶ
413 3273 472 3344 λάξ,
492 3271 590 3334 ὀδοῦσι
677 3281 716 3330 11.
734 3281 814 3329 missa
826 3279 896 3344 palat
908 3275 1047 3341 cigentlich
1064 3292 1111 3327 nur
1122 3291 1155 3328 zu

75 3349 127 3403 καὶ
145 3341 229 3412 ὄνυξι.
637 3347 724 3413 plaga
742 3346 794 3398 und
818 3361 886 3410 voc,
911 3344 982 3395 nieht
999 3359 1030 3395 zu
1049 3359 1153 3404 cursum

111 3419 137 3469 l.
155 3415 319 3480 adeeroiuut,
334 3415 376 3466 ein
388 3401 437 3470 ile.
456 3417 525 3502 lep:
541 3406 591 3467 ‘sie
643 3414 698 3466 also
717 3414 758 3465 ein
776 3413 902 3478 Zeugma:
916 3402 1086 3476 ‘ausgeholt’.

76 3486 256 3536 unterstdtzen
273 3483 340 3534 noch
358 3482 506 3535 nebenbei.
677 3484 717 3536 16.
727 3479 948 3532 uidererausrwir
956 3477 1060 3529 wurden
1070 3481 1155 3529 unter-

112 3550 148 3603 M.
165 3552 308 3602 Antonius.
338 3549 396 3616 Vgl.
408 3549 463 3613 lb,
477 3554 509 3603 10
522 3567 546 3603 u.
559 3549 590 3602 V.
642 3550 746 3612 suchen,
756 3565 805 3601 uns
814 3549 951 3614 tragemei
961 3545 996 3598 ist
1008 3544 1155 3599 lronzessiv.

79 3623 120 3687 19,
132 3621 174 3671 55.
186 3647 220 3656 -
231 3618 279 3669 Ein
296 3617 402 3670 anderes
415 3616 528 3685 lieispiel
540 3633 591 3670 von
676 3619 717 3670 21.
736 3617 821 3668 lra—
829 3619 990 3679 concitatur,
1008 3616 1071 3665 statt
1083 3614 1154 3664 eines

76 3684 607 3752 derLebhaltiglreitseinerlllitiongiebt-
640 3683 904 3750 Bedingungssatzes;
923 3683 976 3750 vgl.
993 3681 1031 3734 lll.
1050 3683 1092 3748 24,
1109 3683 1154 3734 57:

76 3755 166 3808 Cicero
175 3755 202 3806 in
211 3752 281 3806 Veri.
293 3753 323 3806 V.
335 3757 358 3818 1,
368 3756 395 3806 3:
408 3753 443 3805 M.
455 3756 591 3806 Antonius
640 3751 1156 3818 Depaupertateagiiummultipaiieu-

75 3826 178 3890 -e‘pee
189 3821 311 3887 adripuit
321 3822 366 3874 M!
375 3823 516 3887 Aquilium
530 3837 591 3874 eou-
641 3825 680 3870 tes
692 3834 827 3887 pauperes
840 3823 1082 3871 commemorantur
1092 3822 1153 3879 ceta

75 3893 218 3958 'stituiique
225 3891 408 3956 incompacta
418 3893 537 3943 oninium
550 3894 590 3941 tu-
640 3887 682 3942 lv,
701 3889 744 3954 28,
761 3890 808 3941 60:
826 3887 909 3938 Putat
926 3888 1025 3953 aliquis
1042 3891 1091 3939 eet.
