2550 4410
150 175 210 254 136
557 192 651 246 noun
670 194 700 246 v.
719 195 811 262 caes.

148 387 217 429 cum
234 367 360 428 alterum
371 368 473 428 vadem
484 366 586 429 mortis
598 367 768 446 accepisset,
790 367 873 440 alter,
891 375 924 427 ut
941 367 1040 428 vadem
1053 385 1139 427 suum
1152 366 1221 427 lihe-

148 462 243 525 raret,
277 460 394 532 praesto
425 453 528 514 fuisset
556 453 591 513 ad
613 453 716 513 horam
745 452 850 513 mortis
872 452 1064 525 destinatam,
1089 446 1222 514 ‘Utinam

148 557 215 618 coc,
237 537 355 616 inquit,
378 542 479 600 tertius
500 537 580 599 vobis
595 540 704 599 amicus
725 531 917 599 adscribetur!
923 527 932 552 ²
965 537 1060 609 Quam
1077 537 1148 597 huic
1163 546 1223 598 erat

148 624 290 685 miserum
302 641 404 684 carere
416 622 812 694 cousuetudineamieorum,
824 623 963 683 societate
969 623 1075 694 victus,
1087 641 1224 683 sermone

149 708 271 769 omniuo
295 708 438 782 familiari,
461 709 576 768 homini
598 708 770 788 praesertim
794 709 881 769 docto
904 725 1034 787 spuere
1058 716 1089 768 et
1115 708 1253 770 artibust

149 793 288 872 ingenuis
303 793 434 855 eruditol
465 793 645 854 Musicorum
661 812 729 854 vero
746 793 980 871 perstudiosum,
1002 801 1121 872 pectam
1139 794 1224 854 etiam

149 879 292 958 tragicum
307 912 350 923 -
365 897 453 957 quam
468 878 599 952 honum,
624 878 696 939 nihil
718 880 753 939 ad
775 896 856 951 rem;
878 878 909 938 in
932 878 989 938 hoc
1012 878 1091 938 enim
1115 896 1224 956 genere

149 965 249 1026 nescio
266 983 324 1042 quo
341 973 427 1044 pacto
442 965 535 1042 magis
551 983 638 1042 quam
652 964 682 1024 iu
694 964 758 1025 aliis
772 982 858 1025 suum
871 964 979 1042 cuique
995 963 1153 1042 ptrlchrum
1167 975 1224 1040 est,

148 1051 243 1110 adhue
258 1049 409 1110 neminem
425 1049 550 1127 cognovi
574 1058 691 1128 poetam
707 1049 833 1125 (etmihi
848 1048 905 1109 fuit
927 1067 995 1109 cum
1009 1048 1137 1126 Aquinio
1153 1050 1224 1110 ami-

149 1134 244 1210 citia),
268 1134 318 1213 qui
334 1133 466 1195 sibinen
484 1134 612 1213 optimus
631 1135 797 1209 videretur;
820 1134 861 1195 sie
883 1153 913 1195 se
929 1153 976 1195 res
991 1133 1093 1194 habet:
1122 1144 1150 1195 te
1167 1146 1225 1207 tua,
1245 1143 1265 1194 lh

148 1239 195 1280 me
218 1220 366 1281 delectant
388 1237 452 1280 mea
480 1253 538 1294 —,
561 1220 611 1281 sed
634 1231 668 1280 ut
689 1219 725 1281 ad
747 1220 920 1299 Dionysium
948 1220 1120 1291 redeamus,
1144 1220 1226 1281 omui

148 1304 228 1365 cultu
253 1314 282 1364 et
297 1304 375 1364 victu
391 1305 520 1365 humano
537 1305 670 1380 carebat;
695 1304 807 1364 vivebat
821 1322 888 1365 cum
904 1304 1048 1383 fugitivis,
1071 1324 1140 1366 cum
1155 1306 1224 1366 iaci-

149 1389 273 1461 nerosis‚
296 1408 364 1450 eum
386 1389 534 1466 barbaris;
552 1391 716 1463 neminem,
736 1390 785 1468 qui
809 1398 860 1450 aut
874 1389 1008 1450 libertate
1023 1390 1132 1470 dignus
1148 1399 1226 1452 esset

148 1482 198 1534 aut
213 1475 299 1536 vellet
314 1475 438 1537 omniuo
454 1475 529 1536 liber
544 1495 617 1547 esse,
633 1476 688 1536 sibi
703 1475 829 1536 amicum
846 1474 1051 1535 arbitrabatur.

95 1555 133 1612 23
231 1560 297 1620 Non
314 1578 369 1638 ego
386 1561 444 1621 iam
467 1579 534 1621 eum
556 1561 645 1622 huius
661 1561 734 1634 vita,
759 1579 814 1638 qua
837 1561 977 1633 taetrius,
1000 1560 1150 1634 miserius,
1173 1562 1225 1622 de·
1245 1570 1265 1620 lt

94 1638 124 1688 ⁰4
148 1645 312 1706 testahilius
328 1647 495 1725 excogitare
511 1646 585 1706 nihil
599 1664 738 1725 possum,
762 1645 891 1706 Platonis
913 1653 964 1705 aut
978 1645 1121 1724 Archytae
1138 1647 1226 1707 vitam

147 1730 343 1809 comparabo,
366 1731 520 1792 doctorum
537 1732 690 1793 hominum
707 1739 737 1791 et
750 1731 837 1810 plane
853 1730 1045 1810 sapientium;
1071 1749 1107 1790 ex
1123 1732 1226 1793 eadem

147 1815 221 1877 urbe
237 1816 378 1877 humilem
393 1817 608 1878 homunculum
622 1835 637 1876 a
650 1816 770 1896 pulvere
787 1824 816 1877 et
831 1815 912 1876 radio
924 1815 1067 1888 excitabo,
1084 1817 1135 1895 qui
1150 1819 1227 1878 mul-

147 1901 185 1962 tis
199 1902 286 1964 annis
302 1910 369 1981 post
384 1903 453 1976 suit,
475 1902 690 1963 Archimedem.
728 1902 817 1963 Cuius
833 1920 887 1979 ego
904 1910 1044 1980 quaestor
1058 1901 1227 1980 ignoratum

180 2038 204 2088 4.
222 2038 357 2094 miserum,
375 2050 395 2086 s.
414 2051 445 2086 cu
457 2035 474 2086 l.
494 2039 517 2098 5,
531 2038 560 2095 9;
577 2039 659 2087 socie·
711 2035 751 2087 lll.
775 2039 804 2086 7:
828 2031 1044 2105 ὑπεραγαπῶσιν
1067 2033 1096 2086 οἶ
1115 2041 1227 2100 ποιηταὶ

147 2108 200 2154 tate
217 2107 303 2153 victus
322 2104 370 2153 wie
389 2104 451 2161 2,5:
468 2119 523 2154 soc.
536 2107 618 2168 ¹m‘tuc.
710 2101 746 2154 τὰ
769 2103 854 2153 οἰκεῖα
880 2096 1042 2172 πράγματα,
1070 2106 1227 2175 στέργοντες

181 2175 204 2224 5.
223 2172 300 2221 docto
314 2163 460 2236 ‘sorgialtig
479 2168 608 2236 gebildet'.
713 2164 807 2238 ὥσπερ
825 2173 916 2222 τέκνα.

180 2240 204 2291 6.
230 2237 395 2288 Musicorum
413 2267 447 2275 -
462 2239 660 2304 perstudiosum
748 2240 787 2291 12.
799 2239 874 2289 cultu
884 2244 910 2288 et
919 2242 992 2288 victu
1004 2241 1130 2303 humone,
1143 2248 1225 2292 etus:

145 2309 194 2358 cet.
226 2305 327 2358 Wieder
348 2305 389 2357 ein
412 2305 509 2372 iniolge
532 2306 577 2358 der
594 2307 661 2358 Zwi-
713 2307 770 2358 edle
795 2306 845 2358 und
866 2306 1042 2371 genuisreiehe
1062 2306 1227 2374 Einrichtung

146 2375 296 2426 schensitze
313 2374 510 2426 unvollendeter
528 2374 597 2439 Satz,
616 2376 661 2428 der
712 2374 1227 2441 desmenschlichenLeheus,vgl.25,72.

144 2443 660 2509 etwsmittragicumaccepimussehlie-
748 2446 787 2496 16.
804 2444 955 2510 Archytae,
977 2459 997 2495 s.
1016 2459 1047 2495 zu
1065 2443 1106 2495 lV.
1125 2446 1169 2509 36,
1188 2448 1227 2499 ‘18.

144 2511 200 2563 ison
223 2511 306 2563 sollte.
323 2539 357 2548 —
370 2511 536 2563 Musicarum
557 2513 592 2564 ist
613 2513 659 2565 das
747 2515 786 2564 18.
813 2512 938 2562 humilem
962 2514 1167 2578 homunculum,
1193 2514 1227 2565 im

145 2578 283 2643 Neutrum,
302 2579 352 2631 wie
379 2579 396 2632 l.
421 2583 461 2645 24,
480 2583 525 2632 5¹1:
548 2584 573 2631 si
596 2596 660 2646 goo—
710 2579 830 2631 Hinblick
853 2580 898 2632 aui
919 2580 963 2632 des
983 2579 1151 2633 Archimedes
1175 2582 1228 2634 nie·

144 2651 256 2698 metrico
274 2649 417 2702 didicisset.
710 2647 781 2714 drige
808 2647 925 2700 Abkuntt
952 2649 1003 2699 und
1030 2647 1143 2714 duritige
1166 2648 1228 2702 Ver·

175 2720 284 2781 pettam
299 2719 379 2766 etiam
396 2720 537 2781 tragicum.
557 2716 658 2769 lucian.
711 2716 842 2768 hiltnisse.
878 2715 924 2770 Sil.
941 2716 996 2768 ltal.
1015 2715 1079 2768 xlv.
1099 2719 1163 2769 342:

145 2782 202 2833 adv.
225 2783 320 2834 lodoct.
347 2787 390 2836 15:
414 2781 519 2854 λέγεται
540 2780 659 2855 γὰρκαὶ
745 2784 797 2836 Vir·
818 2783 875 2845 fuit
898 2785 1049 2835 Isthmiacis
1074 2786 1154 2836 docus
1178 2791 1227 2836 im-

144 2846 290 2900 Διονῦσιον
308 2847 467 2921 τραγῳδίαν
484 2856 573 2904 ποιεῖν
591 2850 659 2921 muni-
914 2853 1028 2904 mortale
1046 2853 1155 2916 colonis,

144 2914 197 2968 tos
221 2912 293 2969 πάνυ
314 2920 359 2968 καὶ
394 2916 498 2983 cicius,
520 2913 592 2972 ὥστε
608 2920 659 2972 τὸν
744 2919 1227 2983 Ingeniofociieautcomnestclicris

146 2979 295 3046 Φιλόξενον
317 2936 446 3037 stolidum
468 2982 502 3038 δι’
528 2983 613 3050 αὐτὴν
633 2991 659 3040 ds
914 2990 1044 3054 almannus,

143 3050 191 3105 τὰς
215 3051 344 3118 λατομίας
367 3054 506 3121 ἐμπεσεῖν,
527 3051 558 3106 οὐ
581 3051 661 3107 δυνά·
745 3055 860 3107 Nudus
872 3073 980 3122 opum,
997 3058 1044 3107 scd
1062 3061 1106 3108 cui
1124 3059 1226 3110 coetum

142 3139 227 3185 μενον
244 3123 368 3185 κατέχειν
384 3118 434 3174 τὸν
456 3119 570 3191 γέλωτα.
602 3124 659 3190 Vgl.
915 3131 1056 3191 terraeque
1072 3131 1203 3192 paterent.

141 3188 244 3242 Diodor.
261 3188 316 3241 XV.
335 3191 358 3242 6.
745 3209 762 3243 α
776 3193 888 3258 pulvere
906 3197 932 3243 ct
952 3194 1031 3244 radio
1048 3194 1082 3245 ist
1100 3194 1226 3247 ebeufalls

178 3259 599 3324 8.nescioqoopooto,s.zu1.
620 3265 659 3325 11,
711 3275 763 3311 von
791 3264 913 3312 cccitobo
943 3262 1080 3327 abhingig.
1123 3262 1227 3315 Radius

144 3328 189 3379 24:
208 3329 296 3377 nescio
315 3344 367 3393 quo
384 3328 470 3378 modo.
710 3328 776 3381 hiere
799 3328 843 3380 das
867 3328 1008 3394 Stiheheu,
1032 3331 1077 3382 mit
1101 3331 1227 3384 welchem

177 3397 201 3449 9.
219 3397 359 3459 neminem
377 3411 397 3448 s.
416 3411 448 3447 zu
465 3395 484 3450 l.
502 3398 543 3460 41,
558 3397 605 3458 993
624 3401 658 3459 et,
710 3395 992 3450 dieblathematikerin
1005 3397 1063 3449 dem
1074 3398 1227 3452 Glasstaube

143 3477 163 3514 s.
186 3479 218 3515 zu
236 3463 254 3518 l.
273 3465 318 3527 38,
347 3465 392 3516 92:
414 3469 442 3514 ct
458 3464 578 3524 dubitem
597 3479 657 3514 cum
708 3466 829 3530 (puluis),
856 3467 946 3518 womit
964 3466 1002 3517 sie
1019 3465 1068 3517 den
1087 3464 1166 3519 Tisch
1184 3469 1227 3519 be-

141 3533 275 3597 Aquinio,
305 3532 388 3584 einem
421 3531 479 3583 sehr
507 3531 657 3584 schlechteu
710 3536 791 3585 streut
809 3533 906 3598 hatten,
924 3534 979 3586 ihre
994 3533 1176 3601 Zeiohnungen
1195 3552 1226 3588 zu

142 3597 257 3663 Dichter,
280 3599 325 3651 der
347 3601 411 3652 auch
435 3600 656 3664 vouGatull.14,
707 3600 848 3654 entwerien
863 3601 982 3667 pflegten.
1009 3601 1092 3654 Daher
1105 3602 1137 3655 de
1155 3604 1225 3657 deor.

144 3669 175 3719 18
202 3668 406 3733 sprichvvdrtlich
436 3667 588 3734 ungeihhrt,
614 3669 656 3720 bei
707 3685 732 3721 n.
750 3669 778 3721 ll.
799 3671 838 3733 18,
858 3672 904 3723 48:
926 3686 1071 3736 numquam
1089 3673 1226 3723 cruditum

143 3734 193 3786 Cic.
211 3736 332 3800 irhrigens
348 3736 511 3798 anderwirts,
531 3736 612 3789 selbst
629 3736 656 3788 in
708 3737 784 3788 ilium
793 3739 932 3804 pulverem
947 3741 1078 3803 attigistis
1090 3731 1142 3791 ‘ihr
1162 3740 1225 3791 habt

142 3801 191 3853 den
209 3801 320 3868 Brieien,
339 3803 410 3855 nicht
432 3805 548 3856 erwihnt
566 3804 639 3858 wird,
708 3805 750 3857 nie
768 3803 935 3858 Mathematils
954 3802 1103 3872 getrieben’.
1156 3862 1166 3872 „

178 3873 217 3923 10.
236 3873 478 3935 qui-videretur.
504 3871 581 3927 Arist.
599 3872 656 3924 Eth.
744 3877 783 3928 19.
796 3889 846 3938 ego
856 3879 990 3942 quaestor,
1003 3878 1033 3928 75
1042 3891 1067 3928 v.
1076 3875 1133 3929 Ghr.
1150 3875 1224 3928 Ubri-
